2378 3810
514 114 664 166 Praelatio.
955 85 958 89 ι
1023 134 1075 180 vn

110 271 140 326 et
155 259 435 343 ἀποσπασμάτιον
446 268 582 326 novimus
598 273 625 326 et
640 275 829 327 transeamus
844 268 880 328 ad
896 268 1075 338 ‚,Troilum“

110 366 198 428 quem
223 347 260 409 ab
281 348 404 409 Alberto
427 351 585 428 scriptum,
617 368 685 410 eum
713 369 749 410 ex
772 351 1020 430 inscriptionibus
1043 357 1074 414 in

109 432 208 494 fronte
231 435 324 495 totius
347 436 446 512 operis
468 442 557 511 atque
579 442 647 494 ante
669 436 855 512 prooemium
877 436 1017 516 adjectis:

155 519 321 587 „accessus
342 517 374 576 in
397 517 531 578 Troilum
555 519 661 594 magist
648 520 689 578 tri
710 517 846 579 Alberti“
938 520 942 528 '

151 600 282 679 „incipit
304 603 490 679 prooemium
505 603 536 661 in
552 601 685 662 Troilum
702 604 836 679 magistri
850 601 964 664 Alberti
980 602 1072 664 abba-

195 686 234 745 tis
263 684 388 746 Sanctae
417 685 525 745 blaciae
558 687 589 744 in
617 686 734 755 Stadio,
768 689 819 765 qni
848 695 951 799 postea
979 689 1039 747 lact
1027 697 1075 748 tus

195 776 241 829 est
261 767 353 829 irater
377 769 496 829 minor“

109 859 172 912 tum
196 871 232 913 ex
254 853 319 912 loco
341 854 482 913 carminis
512 851 571 931 (lib.
595 853 633 913 Vl
655 872 680 912 v
705 848 768 914 670
791 856 868 933 sqq.)
892 863 1030 935 apparet:

154 935 305 1012 „Virginis
329 954 344 995 a
367 945 455 1014 partu
477 937 534 997 duc
559 955 652 997 annos
674 935 754 996 mille
779 937 923 998 ducentos

198 1019 234 1080 Et
256 1020 463 1098 quadragenos
485 1020 533 1080 hic
555 1021 696 1081 sociando
718 1039 834 1088 novem,

153 1104 270 1165 Prodiit
290 1106 322 1164 in
343 1103 452 1178 lucem,
475 1111 547 1164 tunc
570 1105 666 1164 editus
687 1102 738 1164 ille
760 1104 890 1174 libellus,

195 1186 289 1258 Quam
312 1190 405 1248 miser
428 1197 474 1248 est
496 1187 625 1249 mundus
646 1190 797 1249 insinuare
819 1187 931 1250 volens.

155 1271 269 1334 Forsan
292 1272 377 1332 adest
400 1271 508 1350 aliquis
530 1273 678 1350 dicetque,
702 1274 769 1352 quis
792 1272 883 1333 edidit
905 1274 1009 1335 illumi

195 1356 254 1417 ista
277 1358 445 1436 requirenti
467 1356 595 1417 reddere
616 1356 707 1417 verba
728 1364 822 1433 potes.

151 1439 314 1501 Ecclesiam
336 1442 394 1519 scis
415 1443 447 1501 in
470 1441 581 1510 Stadio,
605 1459 696 1523 quarn
716 1443 845 1518 protegit
867 1439 928 1510 alis,

194 1524 269 1585 Nam
292 1531 382 1603 caput
404 1532 449 1586 est
471 1525 544 1605 ejus,
568 1527 651 1602 virgo
673 1525 760 1585 beata
784 1528 857 1586 suis.

152 1608 210 1680 Qui
231 1608 380 1669 scribens:
404 1611 434 1668 in
456 1611 606 1688 principio
630 1608 753 1669 verbum
777 1626 848 1669 caro
871 1610 983 1671 facturn

193 1691 318 1762 Intonet,
341 1692 423 1754 illius
446 1693 483 1753 ad
505 1693 582 1753 latus
604 1692 654 1753 ille
677 1692 763 1752 volat.

150 1774 265 1836 Prodiit
286 1795 322 1838 ex
343 1777 435 1838 rutilo
457 1794 563 1837 roseus
584 1775 669 1837 locus
691 1775 740 1836 ille
763 1782 872 1843 roseto,

193 1859 323 1938 ingenua
346 1870 471 1922 matrem
492 1860 647 1922 nobilitate
670 1876 808 1937 sequens.

151 1943 202 2004 Sic
224 1944 359 2005 florendo
382 1948 494 2023 vigent,
516 1954 549 2006 ut
571 1944 672 2014 odore,
696 1943 805 2014 colore,
828 1961 935 2022 sapore

188 2028 353 2105 Nunquam
376 2030 569 2107 degenerent,
593 2031 641 2093 hic
664 2029 760 2089 tribus
783 2027 872 2089 ambo
895 2027 1022 2105 placent.

63 2150 70 2156 -
153 2113 342 2194 splendescit
363 2113 475 2175 virtute
498 2112 590 2182 color,
615 2113 811 2192 doctrinaque
833 2130 958 2190 pascens

195 2197 247 2258 Est
269 2214 358 2277 sapor
381 2205 410 2258 et
432 2197 529 2258 lamae
551 2196 683 2259 balsama
705 2199 818 2276 spargit
840 2196 924 2256 odor.

153 2281 298 2342 Abbatem
322 2283 398 2342 nosti
421 2283 581 2352 Turicum,
605 2284 653 2342 cni
675 2281 758 2342 dedit
781 2279 850 2341 olim

191 2363 346 2426 Ecclesiae
369 2366 466 2427 dictae
487 2369 569 2445 virgo
592 2366 800 2448 patrocinium.

154 2451 209 2512 Cui
231 2451 325 2510 virtus
348 2452 475 2511 animam
499 2451 630 2519 decorat,
653 2449 792 2511 facundia
815 2447 957 2526 linguam,

196 2532 369 2613 llapsilitate
392 2538 477 2605 nitet,
502 2535 628 2595 utilitate
651 2535 736 2594 viret.

155 2619 208 2681 Ille
230 2635 299 2679 suos
321 2619 471 2698 quondam
494 2636 555 2679 non
578 2618 702 2680 ultimus
724 2618 802 2678 inter
825 2617 934 2677 amicos

195 2707 270 2765 Ante
293 2703 389 2763 virum
414 2700 512 2772 talem,
536 2704 585 2782 qui
607 2702 676 2762 tulit
698 2701 763 2780 ejus
786 2718 870 2769 onus,

152 2786 252 2848 Edidit
272 2785 353 2846 bunc
374 2794 459 2847 sexto
482 2788 597 2847 finitum
621 2803 723 2846 mense
746 2783 889 2853 libellum,

196 2871 249 2932 Cui
270 2877 368 2931 tamen
391 2871 449 2931 hoc
470 2877 589 2948 tempus
611 2887 740 2949 syncopa
763 2869 854 2929 multa
877 2869 954 2927 tulit.

153 2955 290 3017 Correxit
312 2955 467 3032 pigritans.
491 2954 590 3015 Labor
612 2954 670 3024 bic,
694 2971 783 3033 quam
806 2950 938 3012 scribere
961 2951 1056 3030 major

195 3041 232 3099 nt
254 3046 408 3098 corrector
430 3040 484 3097 ait:
508 3040 567 3099 sint
590 3047 641 3098 tua
664 3039 749 3115 siqua
772 3035 902 3097 valent.“

195 3122 249 3182 His
278 3120 430 3191 versibus,
461 3139 547 3180 more
574 3119 655 3182 illius
683 3123 800 3190 aetatis,
834 3137 943 3180 nomen
974 3130 1077 3182 auctor

109 3203 312 3273 abscondidit,
343 3204 422 3282 quod
449 3212 551 3266 tamen
581 3203 656 3265 duce
684 3202 818 3282 catalogo
847 3202 988 3265 abbatum
1011 3205 1076 3266 Sta·

109 3287 246 3350 densium
278 3287 404 3350 iaciliter
428 3289 494 3348 erui
516 3290 626 3367 potuit,
650 3305 717 3348 nam
742 3285 946 3348 Theodoricus
969 3285 1076 3367 (linri-

109 3373 174 3453 cus)
197 3373 342 3435 suceessit
364 3381 467 3434 nostro
489 3370 609 3433 ilberto
632 3371 732 3432 abbati
758 3367 847 3430 1242.
893 3370 1014 3430 Nomen
1033 3372 1080 3430 nt·
1177 3372 1183 3385 '
