2378 3810
111 97 201 208 xvlu
271 189 275 198 .
351 139 354 143 ’
436 227 439 237 Ι
520 143 674 194 Praefatio.

193 294 223 376 3)
259 294 309 356 lol.
346 291 533 358 812-1602
572 306 672 357 uester
710 297 837 358 Troilus.
893 295 972 357 llaec
1005 295 1076 356 lolia

108 388 236 444 exeunte
258 380 376 442 saeculo
398 380 515 442 decimo
535 382 623 441 tertio
640 379 684 441 vel
699 382 822 443 ineunte
838 389 944 458 quarto
960 379 1077 441 decimo

108 485 126 528 a
149 465 285 526 manibus
305 464 422 526 duabus
443 466 508 525 lere
530 464 706 545 aequalibus
728 473 846 526 exarata
869 472 947 526 sunt.

197 549 261 611 Fol.
288 546 370 612 160³*
388 557 502 611 tantum
535 550 777 629 inscriptionem:
815 549 867 610 lib’
895 557 957 610 sete
985 550 1080 609 marie

110 635 231 712 virginis
253 634 284 694 in
307 652 383 695 noro
405 635 588 695 monasterio
610 633 748 713 praebet,
778 633 828 694 lol.
854 630 929 694 161ῆι
952 651 968 693 a
991 635 1079 695 tertia

109 736 200 782 manu
229 719 371 799 scriptam
392 717 505 797 glosam
534 717 570 778 ad
599 716 651 778 lib.
679 718 731 790 Vl,
760 737 786 778 v.
810 714 888 786 889;
920 717 974 778 lol.
1005 713 1080 778 161³

109 822 234 865 vacnum
249 802 300 864 iol.
322 799 383 864 162
398 801 502 864 folium
517 803 662 881 tegumini
677 803 826 881 adjectum
843 801 1078 864 membraneum.

194 888 307 948 'l'extus
328 886 423 948 Troili
454 889 588 966 integer,
616 886 709 948 codex
731 888 795 968 ipse
817 905 878 948 non
900 887 989 967 plane
1012 904 1080 966 per·

109 973 204 1033 lectus
232 979 286 1032 est.
331 971 429 1042 Quum
458 973 539 1032 enim
566 973 597 1033 in
625 975 729 1052 priore
758 979 843 1050 parte
866 971 1013 1033 librorum
1036 971 1080 1029 in-

111 1058 300 1136 scriptiones,
317 1057 413 1136 capita
427 1063 517 1136 atque
531 1054 649 1118 litterae
669 1056 798 1118 initiales
818 1058 912 1117 minio
933 1056 1079 1134 adpictac,

112 1141 296 1218 singulorum
330 1157 470 1202 versuum
499 1139 616 1202 litterae
648 1139 778 1203 initiales
811 1142 906 1203 rubro
935 1137 1035 1201 colore
1063 1157 1081 1199 a

109 1243 224 1286 summa
254 1241 350 1303 usque
383 1225 420 1285 ad
454 1227 545 1286 imam
574 1228 714 1304 paginam
743 1226 904 1304 insignitae
932 1232 1014 1294 sunt,
1048 1226 1080 1284 in

109 1316 194 1389 parte
210 1310 313 1378 altera,
337 1308 471 1370 noudum
487 1309 644 1370 desinente
660 1328 750 1370 manu
765 1311 877 1390 priore,
901 1310 1081 1370 miniaturae

110 1392 232 1462 desunt,
256 1411 349 1473 quare
373 1392 525 1454 difficilius
547 1395 645 1473 capita
668 1402 698 1455 et
718 1392 789 1456 libri
810 1396 890 1456 inter
912 1412 945 1455 se
967 1393 1081 1453 discer-

110 1484 232 1539 nuntur.
271 1476 487 1558 lnsoriptinnes
510 1485 540 1538 et
555 1477 987 1559 distinctionessupplevimus,
1010 1494 1080 1557 pro-

111 1564 243 1623 oemium
266 1562 456 1640 grammatici
478 1563 572 1640 ignoti
587 1561 720 1623 additum
736 1571 782 1624 est
796 1571 829 1624 ut
844 1569 873 1623 et
887 1563 969 1642 glosa
985 1561 1084 1623 ultimi

109 1663 214 1707 versus
235 1647 268 1707 in
289 1647 349 1706 fine
371 1645 454 1706 libri.
499 1647 624 1724 Margini
646 1645 760 1709 codicis
783 1648 820 1709 ab
843 1656 970 1727 utraque
990 1663 1082 1707 manu

110 1729 235 1792 diversis
257 1732 289 1791 in
311 1729 386 1793 loeis
409 1728 530 1791 notulae
552 1730 719 1810 adscriptae
742 1739 821 1802 sunt,
844 1749 919 1811 quas
937 1729 1080 1790 exhiben-

109 1813 161 1874 das
183 1831 239 1875 nee
261 1813 457 1894 negligendas
480 1833 545 1876 esse
569 1818 749 1894 putavimus.
786 1816 841 1876 llic
864 1813 925 1876 illic
948 1817 978 1875 in
1002 1833 1082 1874 mar·

108 1901 176 1976 gine
204 1899 380 1977 praesertim
410 1901 520 1977 prioris
547 1901 640 1979 partis
667 1899 808 1978 leguntur
835 1900 887 1961 Or.
910 1899 944 1960 0.
968 1897 1012 1960 nt.
1036 1896 1080 1960 ut.

108 1983 194 2043 Hom.
218 1983 291 2043 Stat.
314 1983 385 2044 Luc.
410 1986 462 2044 Ar.
508 1981 571 2061 Vgl.
596 1985 644 2045 Es.
668 1986 749 2045 Alex.
777 2003 854 2063 quac
876 1985 960 2062 signa
985 1981 1081 2042 deno-

108 2074 173 2127 tant
199 2066 368 2135 Horatium,
396 2066 550 2140 Ovidium,
580 2066 665 2130 Alani
688 2067 961 2135 Anticlaudianum,
992 2065 1108 2127 Clau-s

108 2150 238 2220 dianum,
261 2150 423 2212 Homerum
447 2151 477 2232 (i.
501 2171 527 2216 c.
543 2151 796 2233 Epitomatorem),
820 2153 958 2220 Statium,
981 2151 1080 2211 Luca·

108 2253 194 2304 num,
220 2237 381 2303 Amanum,
410 2235 579 2313 Virgilium,
607 2240 756 2317 Aesopum
786 2239 815 2315 (i.
844 2255 869 2300 e.
893 2237 1083 2315 anonymum

107 2318 269 2399 Neveleti),
305 2319 438 2381 Gualteri
469 2320 729 2383 Alexandreidem.
773 2321 805 2382 Si
839 2339 899 2381 non
935 2320 1083 2400 expositio

108 2403 291 2481 grammatici
314 2401 469 2483 cujusdam
494 2406 587 2483 ignoti
608 2406 644 2467 ad
660 2407 779 2466 initium
795 2406 936 2466 carminis
952 2413 982 2464 et
1000 2404 1078 2464 duae

108 2507 214 2550 manus
242 2495 406 2558 exstarent,
441 2490 567 2552 fortasse
596 2500 702 2570 putare
720 2489 831 2553 liceret
854 2489 1081 2550 emendationes

106 2574 138 2633 in
172 2574 305 2651 margine
334 2582 364 2634 et
390 2574 444 2636 lras
472 2581 558 2636 notas
586 2575 622 2637 ab
651 2578 715 2656 ipso
738 2582 825 2657 poeta
849 2577 978 2652 scriptas
1001 2590 1079 2641 esse,

108 2658 159 2737 qui
189 2656 296 2734 quibus
329 2658 526 2737 scriptoribus
555 2659 761 2738 depromscrat
788 2677 906 2728 versus,
941 2657 1081 2718 indicare

109 2741 243 2803 voluerit.
287 2742 519 2805 Emendatioues
551 2745 666 2804 auctori
693 2745 751 2824 ipsi
774 2743 948 2806 tribuendae
971 2742 1077 2804 viden·

108 2834 159 2887 tur
181 2826 346 2887 secundum
367 2845 471 2888 versus
493 2827 545 2889 lib.
571 2828 616 2897 Vl,
641 2824 704 2888 693
720 2847 765 2909 sq.

150 2910 270 2981 „Edidit
292 2910 371 2971 bunc
394 2918 478 2973 sexto
500 2914 618 2973 linitum
644 2930 746 2974 mense
769 2912 914 2981 libellum,

193 2995 247 3057 Cui
270 3002 370 3058 tamen
392 2995 449 3056 boc
472 3004 591 3077 tempus
613 3013 743 3075 syncopa
766 2999 858 3058 multa
882 2996 958 3058 tulit.

150 3078 288 3142 Correxit
311 3080 467 3160 pigritans.
512 3079 611 3140 Labor
633 3079 691 3150 bic,
714 3100 803 3162 quarn
827 3082 964 3143 scribere
987 3078 1085 3158 major

193 3165 230 3223 nt
251 3172 407 3225 corrector
428 3167 485 3226 ait:
509 3167 570 3225 sint
591 3172 640 3226 tua
664 3168 689 3227 si
712 3185 770 3247 qua
793 3166 924 3227 valent.“

108 3246 259 3309 Interdum
294 3249 344 3310 bic
374 3247 422 3309 vel
450 3247 500 3309 ille
533 3252 663 3329 scriptor
698 3253 729 3312 in
760 3253 896 3328 margine
925 3247 1088 3325 adscriptis

108 3333 188 3393 notis
219 3331 294 3393 lalso
327 3333 435 3394 citatur
463 3341 493 3395 et
520 3334 576 3396 sub
600 3335 699 3398 Ovidii
728 3337 851 3396 nomine
884 3351 973 3411 saepe
995 3331 1088 3393 blaxi-

110 3416 228 3479 rnianus
256 3417 513 3497 (Pseudo-Gallus)
542 3419 717 3499 Pamphilus
746 3428 776 3481 et
799 3420 950 3499 Benignus
974 3417 1089 3478 Floria-
