2378 3810
128 153 170 217 84
430 154 493 204 Lib.
512 153 564 204 ΙΙΙ.
598 168 625 203 v.
643 153 786 204 389—420.
883 170 889 184 ¹

128 307 229 369 lnlans
251 325 321 367 vero
344 313 433 386 caput
455 305 491 365 at
514 307 619 365 matris
641 314 763 385 pectora
786 305 887 376 flectit,

172 392 282 469 Effugit
303 391 437 451 insolitas
460 408 513 449 cor
535 389 651 467 puerile
673 407 786 450 manus.

130 477 262 553 Cumque
285 475 393 535 tenella
415 484 501 552 pater
524 492 614 553 parvo
638 475 724 534 daret
745 475 860 544 oscula;
885 473 988 554 patris,

172 559 296 630 Quando
318 563 362 620 vir
384 559 488 626 lucris,
512 561 554 618 sis
576 561 717 627 imitator,
740 560 791 618 ait.

131 645 322 723 Propositum
345 652 427 703 tenet
449 644 500 703 ille
523 651 630 711 tamen,
654 642 724 703 licet
747 649 824 703 esset
845 645 980 712 inermis,

173 731 205 790 ln
229 730 342 789 medios
365 729 464 788 hostes
485 726 544 804 jam
567 729 701 790 ruiturus
724 736 796 788 erat.

130 813 229 892 Ejulat
251 812 466 881 Andromache,
489 813 628 872 laceratis
649 829 749 888 ungue
771 810 887 892 capillis

174 897 293 958 Plancta
315 897 464 957 loemineo
487 899 617 958 concitat
639 897 688 955 illa
712 895 844 956 domum.

132 982 175 1041 Ad
199 983 350 1042 Priamum
372 990 528 1060 properat;
551 999 604 1041 rer
626 981 835 1041 invictissime!
859 979 976 1052 clamat,

144 1070 147 1075 ’
173 1067 266 1144 Regia
289 1065 453 1127 sollicitum
472 1067 549 1126 lorte
571 1063 691 1125 tenebat
714 1065 830 1125 berum.
923 1088 927 1097 ·

133 1152 206 1211 Suut
229 1169 296 1210 mea
318 1159 455 1228 suspecta
478 1151 550 1208 mibi
572 1151 696 1219 somnia,
720 1152 834 1208 somnia
858 1149 991 1218 suadent,

173 1235 282 1295 Hector
304 1244 337 1294 nt
359 1236 408 1294 bio
430 1244 558 1302 maneat,
582 1252 637 1292 nec
660 1234 747 1293 modo
770 1233 847 1294 bella
869 1243 960 1313 petat.

133 1319 198 1379 Non
220 1319 303 1378 illum
326 1336 392 1378 mea
416 1317 504 1378 verba
528 1324 655 1386 movent,
680 1336 740 1378 uon
764 1317 840 1378 lilius
862 1319 960 1379 iulans

178 1403 236 1462 Pro
257 1422 305 1462 me
328 1409 494 1481 prostratus
513 1399 573 1480 jam
596 1405 691 1481 patris
714 1410 781 1462 aute
803 1401 904 1481 pedes.

132 1487 195 1548 Hac
216 1488 279 1547 vice
302 1506 339 1548 ne
362 1495 476 1564 pugnet
498 1487 596 1556 bodie,
620 1505 673 1547 rex
697 1491 818 1565 optime,
844 1487 965 1547 manda!

173 1574 276 1631 Accito
299 1572 434 1632 Priamus
456 1571 585 1631 Hectore
607 1572 686 1632 latur
708 1572 760 1631 ita:

131 1656 165 1716 ln
189 1655 298 1716 bellum
321 1656 411 1735 Troja
434 1657 638 1724 committitur,
662 1665 762 1723 exeat3
787 1655 910 1715 Hector!
938 1729 941 1735 Ι

174 1740 207 1800 lu
231 1749 343 1801 tantum
368 1758 497 1810 mancas,
522 1740 590 1800 nolo
612 1741 690 1819 quod
714 1758 794 1800 arma
818 1740 906 1803 leras

131 1824 193 1886 lam
215 1825 317 1902 fragor
339 1842 499 1890 armorum,
520 1825 580 1904 jam
604 1823 715 1884 clamor
738 1823 835 1884 sidera
857 1822 963 1901 pulsat,

176 1911 291 1970 Cornua
313 1911 527 1988 concrepitant.
552 1927 680 1969 concava
702 1925 771 1968 saxa
795 1917 911 1970 sonant.

134 1993 221 2053 Flant
243 1992 331 2060 lituis,
355 1992 494 2069 clangore
517 1995 600 2070 gravi
622 1993 813 2053 contunditur
835 2011 896 2061 aer,

178 2076 314 2136 Pulsibus
337 2079 503 2137 innumeris
526 2086 606 2137 terra
629 2085 729 2137 coacta
752 2079 863 2138 tremit.

134 2164 156 2223 t
180 2160 282 2239 clypeo
305 2159 427 2240 clypeus
449 2162 658 2238 confringitur,
682 2165 761 2221 ensis
784 2161 821 2221 ab
845 2179 926 2230 ense,
978 2168 983 2172 ’

177 2246 263 2305 Comi
286 2254 495 2324 compugnant,
520 2246 600 2322 ligna
623 2246 741 2322 lragore
765 2253 898 2325 crepant.

27 2357 30 2362 ·
135 2330 194 2390 lam
218 2329 292 2389 nillil
316 2330 411 2390 audiri
432 2338 548 2408 poterat
570 2331 628 2390 nisi
651 2329 773 2407 clangor
796 2338 826 2389 et
847 2331 956 2390 horror

176 2414 247 2473 Cum
272 2416 399 2491 strepitu
421 2412 543 2483 clamor,
567 2432 693 2495 cumque
715 2415 817 2474 lurore
840 2415 951 2492 lragor.

135 2498 328 2577 Respondere
350 2501 454 2577 nequit
475 2506 521 2559 tot
542 2498 665 2560 vocibus
688 2499 762 2559 echo
784 2492 911 2568 sonoris}

177 2582 255 2652 Quot
278 2589 363 2642 sonat
384 2583 415 2642 in
439 2582 528 2644 rebus
551 2582 657 2644 bellica
679 2582 780 2660 lingua
805 2583 911 2644 modis.
995 2633 999 2636 .

134 2665 283 2726 loslaurat
305 2684 417 2747 cuneos
439 2668 620 2728 Graecorum
644 2670 735 2728 turris
757 2667 896 2737 Achilles,

175 2749 249 2829 Ajax
271 2751 384 2812 Locrus
407 2753 434 2810 ei
457 2771 523 2812 cum
548 2752 689 2813 lliomede
713 2771 828 2822 comes;

36 2888 42 2898 .
117 2833 279 2899 ,Provocat
302 2837 438 2914 egregios
460 2838 576 2897 Atrides
599 2840 664 2915 ipse
687 2837 826 2914 Pelasgos

177 2920 282 2981 Fortes
305 2939 337 2981 se
360 2928 507 2990 sternunt,
532 2920 653 2982 vulnera
676 2922 756 2999 larga
780 2921 886 2983 lluuut.
1051 2929 1103 2979 420

203 3106 260 3159 389.
279 3107 374 3156 matris
394 3121 441 3170 pro
460 3105 522 3157 cod.
541 3106 678 3157 membris.
714 3108 804 3157 flectit
822 3122 871 3170 pro
889 3106 974 3159 flecti.
1042 3106 1104 3156 407.

135 3185 244 3235 margo:
267 3174 364 3238 Pugna
382 3173 408 3222 X
426 3176 455 3223 in
473 3189 527 3238 qua
544 3172 668 3225 Achilles
687 3174 786 3225 occidit
804 3176 962 3228 Hectorem,
998 3171 1106 3224 Similia

110 3286 113 3291 .
135 3238 213 3291 loona
233 3239 359 3291 Gualtori
377 3241 456 3292 Alex.
476 3241 526 3302 111,
547 3244 559 3289 1
580 3256 639 3307 sqq.

236 3310 296 3358 Iam
315 3308 409 3373 fragor
427 3320 572 3370 armorum,
586 3307 645 3373 jam
663 3316 771 3374 stragas
790 3309 892 3360 bellica
909 3309 997 3360 vineit

237 3374 404 3440 clangorem
423 3376 532 3440 lituum,
553 3376 702 3427 subtexunt
719 3382 796 3428 astra
814 3379 939 3443 sagittae

224 3441 439 3510 Missiliumque
460 3443 592 3511 frequens
610 3445 754 3496 obnubilat
773 3461 840 3496 aera
857 3445 978 3497 nimbus.
