2378 3810
418 206 478 256 aaa.
498 204 544 259 vr.
579 221 604 255 v.
624 205 767 254 ear-aea
1017 199 1079 266 179

112 359 177 420 Non
201 364 324 436 propter
347 355 476 435 Trojam,
500 354 661 434 Troianum
685 355 817 416 scribere
842 354 951 416 bellum

154 445 211 502 Aut
233 442 331 520 coepit
354 440 503 519 Phrygum
526 438 684 500 sollicitare
706 440 824 518 stylum,

114 526 171 587 Sed
196 526 305 585 ductus
329 523 452 586 meliore
475 527 518 584 via
543 541 732 603 compescere
755 541 861 602 pravos

154 610 191 670 Et
212 627 331 669 servare
355 609 402 669 dei
426 608 485 670 vult
508 611 539 669 in
562 626 663 668 amore
686 607 789 668 bonos.
1029 617 1080 667 3⁷0
1173 594 1177 603 ’

114 694 203 755 Grata
226 693 353 754 medulla
377 693 448 753 latet
470 693 550 752 omni
573 690 629 752 sub
652 694 763 753 cortice
786 710 896 767 rerum,

155 779 192 839 Et
214 777 352 837 nucleum
376 776 452 837 celat
474 776 554 836 arida
578 785 653 837 testa
675 775 796 836 bonum.

112 862 172 922 Nos
195 861 282 922 docet
304 861 450 929 Herodes,
474 863 551 921 sicut
572 861 701 940 Baptista
724 859 883 931 lohannes,

158 945 265 1006 Erudit
286 946 342 1006 iste
365 944 470 1015 bonos,
494 944 611 1004 territat
632 946 688 1005 istc
711 943 818 1012 malos;

111 1027 257 1098 Pithone,
280 1031 307 1090 si
329 1031 462 1104 memini,
484 1030 528 1088 las
551 1040 595 1088 est
618 1038 647 1090 et
670 1028 707 1089 ab
730 1028 815 1089 boste
838 1028 950 1099 doceri,
1027 1038 1078 1087 375

154 1114 361 1193 virtutumque
384 1113 495 1174 Satban
519 1111 643 1173 fabricat
664 1130 746 1173 arma
769 1112 835 1173 tibi.

114 1197 176 1260 Nos
199 1199 234 1259 ad
257 1205 412 1277 serpentes
435 1199 574 1257 formicas
596 1195 796 1275 bestiolasque

155 1282 191 1342 Et
212 1299 295 1344 sacra
319 1292 461 1361 pennatus
484 1284 590 1362 pagina
613 1283 704 1341 mittit
727 1300 809 1349 aves;

112 1365 150 1426 lit
171 1367 243 1427 mihi
267 1367 324 1427 Job
347 1365 490 1445 loquitur,
514 1367 582 1446 quia
605 1385 652 1426 me
672 1364 805 1444 jumenta
829 1364 980 1426 docebunt

155 1451 190 1511 Et
211 1449 284 1510 nihil
308 1452 452 1530 estquod
475 1468 535 1509 non
558 1452 654 1529 prosit
676 1458 705 1509 et
727 1449 804 1510 obsit
825 1450 915 1510 idem.
1028 1458 1080 1508 380

112 1534 166 1595 Hic
188 1544 274 1595 sonat
295 1535 413 1603 invidia,
436 1536 520 1604 livor,
546 1536 733 1602 truculentia,
758 1534 858 1602 fastus,

155 1618 294 1688 Ambitio,
317 1636 434 1687 rancor,
459 1620 513 1688 ira,
535 1618 640 1687 libido,
665 1618 757 1678 dolus.

113 1704 301 1765 Postremum
325 1722 395 1764 vero
418 1703 525 1782 Trojae
548 1701 714 1762 miseranda
737 1703 823 1761 ruina

156 1787 347 1848 lniormatira
371 1789 486 1865 singula
510 1804 582 1847 voce
606 1793 706 1854 sonat;

114 1871 150 1932 Ut
172 1869 267 1932 malus
288 1870 414 1934 absistat
432 1870 588 1950 justusque
611 1871 737 1936 resistat,
762 1867 878 1936 babeto,
1028 1879 1078 1928 385

159 1954 216 2016 Sed
240 1957 307 2035 quia
331 1956 501 2016 clauserunt
525 1955 597 2014 baec
620 1953 696 2013 mala
720 1954 777 2013 fine
799 1951 886 2013 malo.

113 2039 199 2109 Quod
221 2038 321 2100 brevis
344 2046 388 2099 est
410 2044 500 2108 risus,
525 2038 602 2116 quod
626 2038 773 2118 longaque
795 2036 914 2097 lacrima
938 2038 1042 2098 mundi

155 2123 309 2193 Quondam
332 2124 422 2204 Troja
444 2132 550 2204 potens
572 2124 735 2183 incinerata
759 2123 854 2183 docet.

113 2206 175 2268 lam
198 2207 314 2269 firmum
339 2207 413 2269 nibil
437 2219 491 2277 est,
515 2211 564 2268 cui
586 2225 645 2267 non
669 2215 765 2267 metus
787 2225 851 2267 esse
874 2209 979 2266 ruinae

154 2291 260 2361 Possit,
283 2299 312 2352 ct
335 2293 391 2353 hoc
414 2292 526 2360 subito;
551 2307 715 2371 persequor
738 2309 809 2367 ergo
831 2291 901 2350 cito.
1025 2299 1077 2348 390

177 2529 237 2579 367.
254 2542 357 2592 margo.
377 2527 549 2592 Respondeo.
601 2529 660 2577 370.
679 2538 773 2588 margo
787 2525 855 2590 pioa.
908 2525 967 2575 ata.
986 2523 1076 2577 enon.

109 2593 206 2645 Nerei.
224 2609 249 2658 p.
268 2597 328 2648 486.
347 2609 416 2644 vers.
437 2597 477 2644 12.
547 2596 734 2658 alabingo:
759 2592 857 2642 Verum
877 2592 992 2656 dictum,
1011 2592 1077 2657 quia
1148 2652 1151 2659 Ι

110 2666 139 2712 et
155 2660 209 2712 hoc
226 2662 330 2712 homini
347 2661 427 2711 datur
445 2677 494 2726 pro
511 2663 604 2711 anima
622 2676 673 2711 sua
691 2665 719 2710 et
736 2661 765 2709 in
783 2658 876 2711 multis
896 2658 960 2709 aliis
972 2659 1076 2709 instru-

111 2729 213 2779 mentis
231 2729 266 2780 ab
287 2745 318 2780 eo
338 2733 367 2778 et
384 2728 452 2779 lieet
468 2730 526 2794 ipse
544 2745 598 2778 non
617 2728 747 2778 intendat
765 2733 859 2777 nostro
877 2727 1015 2791 proscaeni
1029 2725 1078 2776 aed

109 2810 177 2846 auae
194 2811 296 2860 pravae
315 2797 462 2847 voluntati.
473 2822 506 2831 —
518 2796 567 2846 cfr.
578 2796 660 2847 Ovid.
672 2796 783 2846 Metam.
792 2793 842 2858 IV,
855 2796 914 2845 428.
950 2795 1008 2844 381.
1019 2794 1079 2844 389.

109 2864 222 2928 Margo:
246 2862 301 2913 bic.
324 2864 343 2915 i.
365 2877 388 2912 e.
407 2865 435 2913 in
453 2865 507 2914 iato
525 2864 597 2915 libro
615 2867 695 2915 sonat
712 2862 818 2913 invidia
836 2877 888 2926 quo
907 2861 944 2910 ad
962 2860 1077 2923 Peliam,

109 2931 181 2981 livor
203 2945 256 2996 quo
274 2930 311 2980 ad
327 2931 458 2981 Paridem
476 2936 504 2981 et
519 2931 689 2993 Menelaum,
717 2929 885 2980 truculentia
903 2943 956 2992 quo
975 2927 1010 2977 ad
1029 2942 1079 2992 pu-

109 3003 243 3062 gnantes,
272 2998 362 3048 iactus
385 3014 439 3064 quo
458 2998 495 3048 ad
512 2998 614 3049 milites
632 3004 661 3049 et
679 2999 813 3058 victores,
838 2995 953 3046 ambitio
972 3009 1024 3059 qno
1043 2994 1078 3044 ad

108 3064 292 3126 Palamedem,
311 3081 409 3117 rancor
422 3080 475 3130 qno
488 3066 524 3116 ad
540 3066 665 3125 rusticos,
684 3067 735 3126 ira,
754 3079 807 3128 quo
820 3063 857 3114 ad
869 3064 969 3126 victos,
990 3061 1076 3112 libido

109 3147 162 3196 quo
181 3133 217 3182 nd
233 3132 362 3183 Paridem
381 3139 410 3183 et
428 3132 573 3194 Helenam,
592 3132 669 3183 dolus
688 3147 740 3197 quo
759 3131 794 3181 ad
811 3131 959 3181 Hecubam.
1018 3130 1076 3180 384.

109 3200 170 3250 cod.
189 3204 298 3252 sonant.
367 3202 426 3254 385.
446 3200 533 3251 achol.
551 3200 614 3250 hab.
635 3215 706 3249 nuno
724 3199 829 3248 librum.

177 3268 235 3318 389.
255 3270 296 3318 90.
317 3267 411 3318 Gualt.
430 3268 510 3319 Alex.
528 3266 605 3328 VIII,
625 3269 683 3318 399.
701 3269 762 3320 400.

192 3335 262 3384 'Pam
278 3333 384 3385 firmum
402 3335 471 3385 nihil
489 3339 542 3398 eat,
561 3336 605 3384 cui
623 3350 677 3384 non
696 3338 784 3384 metus
802 3349 863 3384 ease
881 3333 979 3382 ruinae

192 3402 286 3453 Possit
302 3402 338 3453 ab
356 3402 488 3466 invalido,
507 3401 690 3466 qainondam
708 3403 824 3466 navigat
842 3416 954 3466 aequor.

829 3483 884 3533 aa*
