2378 3810
121 134 141 199 6

122 288 190 352 liter
212 290 248 351 ad
272 296 376 350 omnes
398 291 561 370 scriptores
584 290 728 370 pertinet,
759 293 844 370 quasi
866 291 1012 368 quandam
1037 311 1092 354 au·

121 393 205 436 ream
228 377 327 435 vittam
352 377 521 443 constituit,
538 394 604 455 quo
628 383 657 436 et
679 393 763 436 mens
785 380 916 437 auctoris
939 385 968 437 et
991 376 1091 437 elsrca·

124 461 168 521 cia
193 463 284 521 totius
301 462 401 541 operis
419 458 573 529 elucessit;
598 460 777 521 scribentem
793 478 902 539 nempe
922 462 984 541 ipse
1004 460 1091 522 labor

124 542 252 605 delectat
280 551 308 605 et
337 543 528 606 idem'labor
556 543 718 605 laborando
747 546 905 615 minuitur,
935 545 1005 606 dum
1035 564 1091 624 per

127 638 311 691 crementum
336 631 435 709 operis
459 629 514 707 his,
538 632 642 708 quiin
666 628 792 708 alicujus
816 634 861 690 rei
885 629 984 691 studio
1006 629 1090 690 labo·

121 722 204 784 rant,
240 717 336 791 magis
364 733 398 774 ac
427 716 521 791 magis
549 715 584 774 ad
608 715 755 775 fervorem
779 715 869 775 studii
898 721 1090 793 provocatur.

123 798 277 876 Siquidem
301 798 425 858 Ovidius
447 795 539 878 [rost.
562 797 582 868 l,
605 795 681 876 216]

185 883 249 953 Quo
273 883 339 961 plus
362 890 431 943 suut
454 891 539 960 potae
562 882 629 961 plus
653 883 793 944 sitiuntur
816 900 919 960 aquae.

208 968 244 1028 Et
267 968 302 1026 tle
325 985 447 1028 accessu
471 967 543 1028 baec
567 967 644 1028 dicta
668 968 822 1028 sulliciant.
923 985 924 988 ¹

208 1051 324 1113 Titulus
355 1050 422 1112 talis
451 1059 510 1113 est:
545 1053 652 1130 Incipit
681 1051 809 1125 Troilus.
854 1053 909 1111 Hic
939 1052 1015 1112 liber
1044 1060 1090 1114 est

126 1137 222 1197 dictus
245 1136 363 1197 Troilus
392 1144 514 1216 propter
539 1137 686 1215 quandam
714 1136 936 1196 similitudinem
960 1138 1092 1198 nominis

124 1222 211 1282 modo
235 1227 469 1300 competentem,
501 1229 533 1281 ut
555 1220 674 1281 Troilus
696 1222 775 1299 quod
798 1220 938 1292 Troicus,
968 1239 1036 1282 cum
1061 1229 1092 1283 et

121 1306 185 1382 ipse
207 1306 331 1365 Troicus
353 1306 444 1365 luerit
465 1313 495 1366 et
509 1301 633 1381 Trojani
656 1308 735 1382 regis
757 1323 809 1366 seu
827 1306 935 1366 Priami
958 1305 1036 1367 filius
1060 1315 1092 1368 et

123 1390 213 1450 sortia
247 1389 323 1450 lacta
351 1391 383 1448 in
417 1389 520 1450 eodem
557 1387 634 1451 bello
667 1391 805 1466 gesserit,
837 1389 883 1450 vel
912 1389 979 1451 ideo
1009 1391 1091 1468 quod

123 1473 204 1534 idem
221 1472 342 1534 Troilus
364 1473 487 1534 fratrum
511 1492 633 1535 suorum
657 1477 799 1535 minimus
822 1482 887 1536 erat
909 1481 937 1534 et
956 1474 1090 1546 ultimus,

124 1563 263 1619 strenuus
292 1564 406 1627 tamen,
439 1567 469 1620 et
497 1559 547 1619 hic
574 1558 650 1618 liber
678 1560 744 1639 quia
775 1559 811 1620 de
840 1559 941 1620 eadem
965 1561 1091 1621 materia

125 1650 171 1703 est
193 1650 359 1712 extremus,
389 1644 470 1703 utilis
499 1651 595 1703 tamen
620 1644 670 1704 tali
695 1653 739 1705 est
762 1645 882 1704 nomine
905 1662 964 1704 non
987 1646 1090 1705 incon·

124 1743 197 1805 grue
220 1726 385 1807 appellatus
407 1735 484 1788 teste
506 1729 629 1790 Horatio
653 1724 720 1812 [Ars
742 1735 821 1807 poet.
845 1725 901 1807 58]

616 1813 699 1875 licuit
722 1829 901 1890 semperque
924 1810 1026 1873 licebit

188 1896 341 1974 Signatum
364 1905 521 1976 praesente
544 1907 613 1958 nuta
636 1897 804 1978 producere
827 1893 975 1976 uomeu1).

210 1982 247 2041 Et
263 1989 295 2042 ut
309 1981 427 2043 facilius
443 1980 535 2042 lector
548 2000 701 2062 quaequae
718 1983 834 2059 quaerit
849 1982 979 2043 iuveniat
994 1988 1090 2042 totum

124 2082 199 2142 opus
221 2074 288 2126 aute
311 2064 517 2126 distinctiones
539 2085 594 2146 per
617 2065 744 2145 capitula
768 2066 908 2128 declarat.

423 2211 425 2215 ’
447 2230 507 2295 oa
530 2191 765 2296 enoouuuo.

206 2371 343 2446 Impetus
357 2373 409 2431 itte
422 2388 511 2433 socer
525 2377 554 2430 et
567 2377 680 2432 cetero.
717 2370 779 2430 Hoc
795 2372 982 2448 prooemium
1003 2387 1092 2448 prae·

125 2457 217 2517 mittit
240 2464 344 2516 auctor
366 2454 522 2536 principali
545 2459 698 2534 proposito
722 2471 865 2515 excusans
888 2470 919 2514 se
943 2471 1032 2533 super
1056 2472 1092 2515 eo

125 2540 203 2617 quod
232 2540 405 2600 hexametro
434 2547 463 2600 ct
490 2546 676 2618 pentametro
706 2539 853 2618 processit
881 2547 993 2607 metro,
1022 2556 1092 2599 cum

125 2632 208 2701 gesta
237 2624 360 2684 tortium
389 2632 417 2684 et
446 2623 521 2685 bella
546 2623 635 2685 scribi
659 2621 823 2683 debeantur
849 2629 945 2684 metro
968 2622 1093 2684 heroico

124 2717 157 2768 ut
179 2708 266 2768 docet
286 2710 424 2770 Horatius
447 2710 477 2768 iu
500 2711 615 2786 poetica
641 2708 675 2785 (v.
700 2703 750 2786 73)

188 2794 246 2854 Res
269 2798 368 2871 gestae
392 2809 555 2873 regumque
579 2792 749 2869 ducumque
773 2799 802 2851 et
825 2791 911 2852 lortia
934 2787 1042 2866 bella²)

189 2877 253 2948 Quo
276 2876 366 2938 scribi
390 2885 447 2939 etc.
1080 2944 1083 2949 ⁵

125 2970 156 3024 et
177 2961 266 3040 hujus
288 2962 357 3023 libri
380 2965 503 3023 materia
527 2961 564 3022 sit
586 2978 684 3040 pugna
703 2961 834 3022 virorum
851 2958 1006 3029 nobilium,
1030 2958 1092 3021 lor·

125 3048 199 3107 lium
229 3053 257 3108 et
284 3054 490 3123 magnatorum
520 3053 547 3106 et
575 3052 674 3107 tamen
712 3045 761 3106 tali
795 3047 929 3107 carmine
961 3061 1021 3106 nou
1054 3045 1094 3106 sit

125 3129 257 3212 prolata;
281 3133 434 3211 proposito
456 3131 603 3211 siquidem
620 3132 698 3208 quod
715 3131 824 3194 invitus
842 3131 920 3191 hanc
936 3129 1094 3192 materiam

124 3284 327 3293 ——.---

195 3365 222 3432 l)
251 3367 332 3434 Apud
361 3368 519 3419 Horatium:
550 3366 700 3434 procudere
732 3381 879 3418 nummum.
953 3364 983 3432 2)
1014 3363 1095 3432 Apud

121 3435 221 3486 Horat.
241 3437 333 3488 tristia
351 3437 379 3488 b.
