2378 3810
366 185 430 236 Lib.
449 185 497 235 VI·
526 201 550 240 v.
571 188 712 237 138-166,

101 336 198 415 Saepe
221 334 290 396 dato
312 336 419 397 melius
440 345 576 416 tempore
598 338 648 398 liet
670 337 758 398 idem.

56 421 136 480 Dixit
158 428 187 481 et
208 421 301 497 ignito
325 437 378 480 rex
401 429 518 482 coetum
542 429 664 500 pectore
686 421 780 491 solvit,

97 505 158 566 Nee
181 505 244 564 sine
267 506 415 565 moestitia
437 503 522 584 plebe
546 523 598 566 sua
622 514 699 567 tecta
723 505 812 567 subit.
974 519 1023 567 140

150 666 290 737 [eninm
308 666 543 734 oonnounmu
561 667 638 723 oum
656 669 928 741 nuenrunono]

54 772 286 852 Amphimachus
309 775 455 853 sequitur,
479 775 608 836 intrante
631 773 737 853 palatia
760 793 841 854 rege,

97 858 138 919 lle
161 859 224 917 rixa
248 857 348 936 placiti
370 860 483 919 mentio
506 861 599 938 surgit
622 860 674 920 ihi.

57 943 119 1002 llex
143 942 197 1018 ait:
221 945 363 1011 Antenor,
387 942 507 1004 audisti!
531 953 638 1019 quanta
662 944 794 1023 proludit

98 1026 165 1086 Non
188 1028 308 1096 nostris,
331 1026 427 1086 facilis
449 1026 585 1087 hostibus
608 1045 673 1087 esse
697 1026 806 1097 volens,

55 1110 92 1170 Et
114 1108 193 1186 quod
217 1128 272 1188 pro
295 1109 388 1170 nihilo
410 1110 554 1170 ducamus
576 1110 692 1180 damna,
716 1110 835 1172 dolores
973 1121 1021 1171 145

99 1193 238 1271 Quasque
261 1191 328 1252 tulit
350 1192 438 1253 nobis
460 1210 534 1270 gens
555 1194 673 1254 inimica
696 1212 797 1260 neces.

54 1279 116 1340 Nec
138 1275 214 1337 mala
231 1288 308 1338 ‘voce
331 1295 396 1336 mea
420 1284 561 1356 poterunt
583 1278 656 1338 haee
679 1286 784 1340 cuncta
808 1278 927 1348 relerri,

97 1361 155 1422 Ora
177 1360 247 1421 licet
271 1360 383 1421 tribuas
406 1360 597 1439 multiplicata
621 1363 706 1423 mihi.

56 1447 169 1528 ¹leneas
191 1455 220 1505 et
242 1443 419 1524 Polydamas
441 1446 594 1508 imitantur
617 1447 754 1518 eundem,

96 1530 169 1590 Pars
192 1547 312 1609 quoque
337 1530 373 1590 de
396 1529 514 1610 populis
537 1531 736 1610 adstipulatur
759 1534 812 1593 eis.
974 1543 1022 1592 150

53 1614 140 1674 Extat
161 1614 192 1673 in
215 1613 261 1674 his
286 1612 367 1675 nulla
391 1615 682 1684 mihi¹conlidentia3
706 1617 806 1686 credo,

97 1697 229 1759 Prodere
251 1698 329 1778 quod
351 1697 472 1777 Trojam
497 1700 665 1778 proditione
688 1697 795 1768 velint;
1012 1773 1014 1777 y

55 1782 141 1843 Unde
162 1781 374 1860 superstitibus
398 1782 446 1843 his
469 1800 637 1861 nuncquam
662 1781 750 1862 Troja
773 1785 926 1862 triumpho

96 1866 252 1934 Gaudebit,
276 1864 362 1927 bellis
385 1865 479 1927 obsita
503 1885 621 1944 semper
643 1869 710 1927 erit.

54 1951 112 2012 lllis
133 1948 266 2012 sublatis.
281 1951 444 2012 succedent
466 1968 611 2030 prospera
634 1950 730 2020 nobis.
972 1962 1021 2012 155

96 2035 132 2096 Et
154 2043 222 2096 ruet
244 2035 281 2096 ad
304 2042 422 2095 nostros
446 2036 568 2095 Graecia
591 2036 666 2096 victa
689 2035 789 2116 pedes.

55 2119 137 2180 Hanc
161 2117 304 2181 maculam
330 2119 431 2180 delere
453 2118 528 2189 volo,
553 2128 584 2181 tu
606 2122 743 2182 conscius
766 2129 829 2182 esto

99 2204 255 2264 Praestans
277 2203 402 2271 oonsilio
425 2211 545 2282 pectora
569 2204 626 2266 lida
650 2224 726 2266 meo.

56 2289 181 2349 Nomine
202 2286 259 2350 sub
281 2290 379 2349 tunica
402 2296 451 2348 tua
474 2296 575 2365 portes
598 2307 679 2349 arma
702 2291 825 2359 sciente,

100 2372 254 2435 Summum
278 2373 393 2434 consilii
418 2373 524 2449 dogma
546 2381 687 2443 „tacere“
712 2380 792 2451 puta.
973 2385 1022 2435 160

59 2458 130 2518 Cras
153 2473 209 2534 ego
232 2456 359 2517 divinam
383 2475 449 2518 sum
472 2474 536 2517 rem
558 2457 689 2518 tacturus
711 2458 741 2517 in
764 2474 840 2530 arce,

96 2541 142 2600 'l'u
167 2549 284 2618 tempus
305 2542 430 2602 memori
452 2549 573 2620 pectore
596 2540 653 2602 tale
675 2549 752 2602 tene.

53 2625 139 2686 Tunc
163 2627 292 2687 etenim
315 2644 432 2701 mecum
454 2627 574 2687 uenient
597 2643 726 2687 coenare
748 2632 857 2698 vocati;

97 2710 150 2771 llis
172 2712 220 2770 lac
241 2717 275 2771 ut
297 2711 422 2771 extremi
445 2727 536 2770 coena
559 2712 600 2771 sit
621 2709 671 2773 illa
694 2711 765 2772 cibi.

54 2793 1021 2875 Approbathmphimaehus,quodethicagat,omniaspondet,165

100 2878 226 2957 Colligat
247 2880 301 2940 ista
324 2878 408 2940 fides.
453 2878 508 2940 llic
530 2879 601 2951 abit,
622 2880 672 2941 ille
696 2888 803 2941 manet.

56 3006 257 3014 -...---.--

124 3065 180 3116 138.
199 3062 281 3113 ovid.
298 3063 351 3116 Ars
363 3064 422 3114 Am.
434 3066 458 3129 1,
471 3065 529 3119 404.
583 3066 639 3114 141.
658 3063 746 3113 schol.
761 3064 897 3126 sequitur:
916 3078 1020 3128 regem.

55 3132 111 3180 144.
131 3130 216 3184 schol,
235 3126 284 3182 eod
302 3131 404 3182 facilis.
476 3134 532 3182 150.
551 3130 634 3182 schol.
649 3130 808 3196 Antiquitas
825 3130 898 3180 inter
916 3129 1022 3182 dissen-

53 3199 163 3260 tientes,
172 3213 267 3250 omnee
278 3200 325 3264 qui
337 3199 558 3261 consentiebant,
569 3198 758 3263 producebant
770 3196 901 3262 stipulam
915 3203 943 3249 ct
955 3197 1020 3248 inde

53 3270 250 3317 transeuntem
268 3271 313 3318 est
330 3265 493 3332 adstipnlor,
512 3266 575 3316 aris.
647 3266 703 3317 160.
723 3264 780 3315 cod
800 3265 903 3315 doeme„
