2378 3810
134 115 198 178 202

136 269 246 330 Omnes
269 270 389 329 omnino
411 276 497 348 putat
517 269 618 329 hostes
640 269 733 329 hostis
753 268 875 337 anticos,

176 355 212 416 Et
235 353 375 435 quicquid
398 356 513 431 pariter
535 354 665 430 pertinet
687 352 722 412 ad
745 352 893 414 Paridem.

135 439 261 516 Legatos
282 440 372 517 igitur
394 440 516 498 mittens
537 437 609 515 legit
630 436 762 517 undique
785 439 871 511 vires

177 524 231 584 Cui
253 541 359 602 parere
382 532 468 601 parat
490 523 622 602 quisquis
644 522 681 583 ad
705 541 787 584 arma
809 522 895 590 volet,

135 606 295 678 Sublimes,
318 607 456 674 humiles,
480 615 604 668 cunctos
625 605 732 685 injuria
755 607 834 684 regis

39 761 47 771 ,
178 691 295 770 Tangit,
319 700 349 751 et
367 691 445 753 hanc
468 694 563 752 omnis
582 689 697 769 judicat
719 709 785 752 esse
806 709 900 752 suam.

138 777 175 837 Et
197 779 331 856 quamvis
353 775 472 837 doleant
494 779 634 856 regisque
657 795 770 856 suoque
793 775 904 850 dolore,
1012 825 1015 829 .

178 861 247 922 Plus
269 860 366 940 pudor
391 859 515 932 ablatae,
540 878 628 936 quarn
652 860 744 930 dolor,
769 869 857 938 urget
879 879 939 919 eos.

136 945 168 1006 ln
192 946 348 1024 Phrygiam
373 953 462 1007 totam
486 943 624 1025 conjurat
647 945 771 1006 Graecia
795 954 863 1013 tota,

176 1029 215 1091 Ut
236 1033 350 1109 pariter
373 1040 476 1108 pereat
498 1049 564 1103 curn
587 1033 711 1107 regione
736 1029 828 1090 Paris.

139 1115 258 1176 lunatis
281 1114 404 1176 militiae
426 1118 533 1176 turmis
555 1115 749 1193 peditumque
771 1115 905 1181 catervis,

177 1199 307 1279 Imperat
329 1202 360 1259 in
384 1199 519 1261 Paridem
543 1218 596 1259 rex
620 1203 770 1260 animosus
793 1201 859 1258 iter.

134 1282 212 1344 Mille
235 1295 314 1344 rates
337 1285 449 1345 ducens
471 1286 547 1363 petit
568 1283 653 1354 llion,
677 1281 897 1351 obsidetillud,

177 1368 276 1438 lrruit,
300 1376 388 1447 atque
410 1370 469 1428 cito
491 1370 611 1428 vincere
634 1372 696 1428 sive
719 1371 804 1427 mori.

134 1454 263 1513 Fortiter
285 1451 404 1513 obsistit
426 1453 535 1513 Danais
557 1450 684 1531 Trojano
706 1451 853 1529 juventus,

178 1537 273 1616 Inque
297 1539 388 1597 vicem
413 1545 527 1615 strages
550 1537 681 1613 dantque
703 1538 861 1616 teruntque
884 1535 972 1597 ieras.

101 1677 105 1681 ,
136 1622 272 1700 Dumque
295 1620 350 1681 suh
372 1624 489 1683 incerto
512 1622 622 1702 pendet
643 1622 764 1681 victoria
788 1629 878 1687 certa,

179 1705 425 1785 interutrosque
448 1706 498 1767 diu
521 1725 588 1766 sors
612 1704 805 1785 relataeque
828 1702 915 1766 volat.

136 1789 222 1851 Nunc
244 1791 275 1850 hi
297 1809 376 1852 nunc
399 1791 441 1852 illi
464 1809 549 1851 versa
574 1792 636 1850 viee
659 1791 738 1850 ierne
762 1790 897 1851 ridentur

176 1875 311 1944 Insidias,
333 1877 421 1943 ictus,
445 1875 576 1944 vulnera,
600 1875 716 1942 damna,
739 1875 834 1951 fugae.

42 1984 45 1990 ·
137 1957 261 2020 Praeter
283 1977 457 2021 communes
480 1977 565 2020 casus
587 1960 739 2038 patiuntur
762 1957 863 2020 Achivi

179 2043 280 2112 Multa,
304 2044 406 2114 sames,
430 2043 554 2122 pluvias,
577 2045 699 2120 frigora,
724 2061 838 2121 cauma,
861 2045 951 2104 sitim.

137 2128 294 2189 Aeacidem
318 2145 456 2206 magnum
473 2126 652 2188 Philoctetae
675 2126 751 2187 iaetu
774 2131 897 2205 sagittas

178 2212 317 2280 Poscant,
341 2220 373 2272 ut
394 2213 508 2289 possint
529 2211 672 2289 Pergama
695 2209 792 2289 posse'
805 2214 882 2289 capi,

136 2295 212 2356 Hine
234 2303 263 2354 et
286 2314 335 2357 eas
358 2297 477 2357 monitis
500 2306 598 2357 vatum
622 2297 714 2357 Danai
737 2295 793 2356 sibi
815 2305 978 2376 quaerunt:

178 2380 241 2440 Hoc
262 2381 348 2442 furor
370 2381 543 2448 Hectoreus,
568 2381 614 2441 his
637 2381 715 2442 cadit
736 2381 800 2460 ipse
823 2381 916 2442 Paris.

136 2464 208 2525 Sors
231 2465 337 2525 melior
360 2463 429 2526 belli
451 2465 576 2526 Teucris
597 2467 678 2526 stetit
700 2465 829 2525 Hectore
851 2473 957 2536 stante,

179 2545 237 2620 Oui
260 2568 337 2628 spes,
362 2551 413 2629 qui
436 2549 566 2628 clypeus,
590 2551 639 2629 qui
661 2552 745 2625 rigor
768 2548 851 2610 urhis
874 2559 947 2610 erat.

133 2636 169 2693 tt
192 2634 275 2693 ierus
298 2634 450 2704 Aeacides,
475 2643 507 2694 ut
530 2637 617 2703 venit,
641 2643 675 2695 ut
696 2633 823 2694 Hectora
846 2635 925 2702 vicit,

175 2719 226 2778 Vis
248 2719 396 2779 Teucriam
419 2721 496 2780 ricto
519 2719 635 2778 vindice
657 2720 742 2798 victa'
756 2719 822 2779 luit.

133 2801 275 2863 Aeacides
297 2811 425 2882 quantus
446 2804 546 2871 luerit,
570 2804 613 2863 rel
637 2802 739 2881 qualis,
764 2810 793 2863 et
815 2801 903 2871 unde,

175 2887 286 2956 Prodit,
311 2893 341 2947 et
362 2889 494 2947 auctoris
516 2889 623 2966 pagina
644 2885 737 2948 multa
760 2887 857 2948 docet.

135 2973 166 3030 Si
190 2973 258 3040 rim,
282 2973 306 3031 si
329 2980 472 3042 mentem,
496 2972 520 3031 si
541 2971 618 3032 holla
641 2972 771 3050 requiris
793 2969 928 3031 Achillis:

176 3055 214 3115 Ut
236 3056 358 3117 doceam
382 3058 499 3136 paucis:
523 3055 652 3116 Hectore
675 3054 770 3134 major
793 3063 866 3116 erat.

132 3139 165 3199 ln
190 3143 295 3201 castris
318 3141 450 3201 Danaum
474 3140 657 3210 Palamedes,
680 3140 798 3210 Nestor,
822 3137 940 3219 Ulysses

176 3223 246 3284 Plus
269 3235 338 3285 sunt
359 3225 493 3295 coneilio,
516 3243 604 3304 quam
627 3221 776 3302 probitate
799 3223 899 3284 drtces.

131 3309 284 3378 aeacides,
309 3308 390 3388 Ajax,
414 3310 581 3386 Diomedes,
604 3308 746 3388 Pyrrhus,
770 3308 902 3371 Atrides:

174 3393 228 3454 llic
251 3394 314 3463 llos,
341 3394 388 3454 hic
411 3393 524 3464 lumen,
548 3393 597 3454 hic
619 3395 736 3473 pietatis
757 3411 843 3472 apex.
