2378 3810
413 155 475 205 Leo.
495 156 538 211 vr.
575 171 600 208 v.
618 157 762 212 aar—aro.
806 198 809 207 ,
1017 153 1080 217 185

109 307 187 370 Urbs
209 325 261 368 res
285 298 425 375 declarat,
450 306 506 367 ubi
522 306 713 368 fundamenta
737 305 849 369 locarat

152 389 292 454 Phoebus
314 400 345 452 et
367 399 480 471 aptarat
502 392 628 464 moenia,
653 410 754 451 vomer
776 401 849 454 arat.

109 476 203 538 Nemo
226 475 283 537 sibi
306 483 410 555 ponat:
435 478 465 536 in
490 477 593 536 mundi
615 476 689 535 flore
713 476 860 545 vivamus;

151 561 241 641 Capta
266 561 348 620 vides
370 577 437 620 sero
460 559 614 635 Pergama,
638 568 724 637 capta
746 569 855 622 tamen.

359 706 641 774 [ncnununoms
661 706 822 778 cenric]

110 812 183 874 Orto
205 812 267 873 sole
289 813 381 872 duces
403 816 605 888 Agamemnon
627 813 657 872 iu
681 830 749 872 arce
772 813 921 874 Minervae
1027 823 1077 871 525

154 896 300 957 Convocat
322 901 350 955 et
373 895 461 955 verba
484 897 620 974 protinus
643 899 698 957 ista
720 897 811 958 levat:

111 979 262 1050 Gratulor,
286 999 304 1039 o
327 981 482 1059 proceres!
505 982 572 1059 quia
598 998 652 1040 nos
674 979 731 1041 hoc
754 981 812 1041 tine
835 979 953 1042 labores

153 1064 326 1133 clausimus,
350 1064 474 1124 interius
496 1065 607 1142 absque
630 1063 733 1125 labore
755 1083 872 1126 sumus:

108 1149 194 1211 'l'uuc
216 1147 292 1208 bene
316 1156 473 1226 pugnatur,
498 1166 565 1207 cum
589 1167 646 1227 pax
667 1148 828 1227 pugnando
851 1157 980 1229 paratur,

152 1231 302 1294 Nobiliora
326 1232 403 1292 bona
422 1231 532 1310 proelia
557 1251 630 1311 pace
652 1231 736 1293 mala.
1026 1243 1078 1292 530

109 1319 273 1379 Fortunam
296 1316 406 1378 Priami
430 1319 557 1376 cantavit
579 1314 667 1395 Troia
690 1314 798 1376 diebus

152 1400 298 1469 Pluribus,
323 1409 352 1462 et
373 1406 475 1461 nostra
497 1401 603 1461 dissuit
625 1418 689 1461 ossa
712 1409 820 1470 metus,

110 1485 195 1548 Unde
220 1487 274 1546 riri
297 1486 394 1545 medio
418 1486 592 1546 ceciderunt
614 1492 757 1565 tempore,
782 1493 893 1549 terram

155 1570 305 1649 Sanguine
328 1570 378 1649 qui
401 1569 484 1631 vobis
508 1569 583 1630 hanc
605 1587 751 1648 peperere
774 1587 845 1640 suo:

110 1653 235 1717 Scilicet
256 1654 400 1715 Aeacides
423 1672 489 1714 curn
513 1653 651 1714 Patroclo
676 1654 840 1724 Diomedes,
1028 1664 1078 1712 535

153 1736 270 1818 Quique
293 1740 378 1817 prior
402 1739 490 1798 linxit
511 1736 714 1798 Prothesilaus
736 1737 869 1799 humum.

110 1820 194 1885 lllulti
216 1825 268 1902 qui
291 1840 447 1883 numerum
472 1824 616 1891 vicerunt,
638 1821 681 1882 ala
705 1820 869 1892 Quiritum!

154 1905 298 1968 lustinus
321 1915 351 1967 ct
373 1905 478 1983 gladiis
498 1907 547 1984 qui
571 1908 690 1985 periere
712 1905 872 1985 Phrygum.

110 1991 236 2053 Nomina
260 1997 426 2070 praetereo,
449 1990 621 2050 Protenoris
645 1990 869 2070 Antilochique;

154 2075 201 2136 lle
223 2083 348 2135 cunctos
370 2074 509 2152 prohibet
532 2092 709 2135 enumerare
732 2074 826 2135 dolor.
945 2084 948 2090 '
1028 2084 1079 2133 540

112 2158 172 2221 Scd
196 2177 293 2239 neque
316 2156 494 2236 multiplices
517 2166 685 2220 nostrorum
709 2178 847 2238 promere
869 2167 980 2219 mortes

154 2243 226 2305 Cum
251 2243 375 2304 totidem
399 2242 510 2320 linguis
532 2252 601 2302 sunt
623 2245 693 2304 satis
716 2262 766 2304 ora
790 2244 903 2304 decem.

109 2327 158 2390 Nil
180 2327 255 2388 adeo
279 2328 398 2388 lortuna
421 2327 517 2402 gravis
540 2326 710 2388 miserabile
732 2324 812 2394 lecit,

151 2411 190 2472 llt
212 2413 347 2472 minuant
371 2409 451 2472 nulla
474 2413 579 2488 gaudia
603 2430 675 2490 pace
699 2409 817 2472 malum.

108 2493 222 2556 Flebile
244 2495 422 2575 principium
446 2495 552 2556 melior
576 2494 692 2555 lortuna
716 2503 816 2556 secuta
1028 2504 1078 2553 545

153 2579 212 2650 Est,
238 2577 303 2639 tulit
327 2579 455 2640 undosos
478 2577 585 2640 clarior
608 2597 679 2639 aura
703 2577 777 2640 dies.

109 2663 196 2725 Nunc
217 2663 253 2724 ad
276 2681 331 2723 nos
353 2664 433 2724 vultu
456 2665 544 2723 rediit
566 2665 684 2723 fortuna
706 2681 813 2724 sereno

152 2748 255 2809 llatris
277 2751 309 2808 in
334 2747 476 2808 uberibus
499 2747 575 2808 lacta
599 2764 726 2808 noverca
748 2750 838 2827 prius.

109 2831 293 2893 Dardanidas
316 2833 404 2892 vestri
427 2830 551 2911 pulchre
575 2830 717 2892 domuere
739 2831 854 2901 lacerti,

151 2914 283 2977 Troibus
306 2925 335 2976 et
357 2916 523 2996 Phrygibus
546 2919 673 2994 imperat
694 2917 749 2976 ista
772 2934 887 2981 manus,
1027 2925 1078 2973 550

107 3032 312 3043 -ι----

175 3100 234 3153 522.
254 3099 335 3152 ovid.
355 3101 469 3153 Heroid.
487 3101 509 3163 1,
526 3102 559 3150 67

256 3168 359 3218 Utilius
377 3172 484 3218 sterent
501 3168 585 3218 etiam
602 3183 677 3218 nunc
694 3166 803 3218 moenia
822 3166 927 3216 Phoebi

107 3235 166 3285 524.
184 3233 235 3290 Ov.
254 3235 306 3286 Ars
324 3235 382 3284 Am.
400 3236 423 3299 1,
441 3237 500 3289 478.
579 3237 639 3288 527.
658 3250 707 3300 pro
726 3234 783 3286 cod.
803 3249 859 3286 vos.
944 3234 1003 3288 544,
1023 3233 1074 3284 Or.

108 3317 131 3352 e.
151 3303 231 3355 Pont.
249 3301 297 3364 IV,
308 3305 334 3364 4,
347 3305 371 3353 ὖ.
384 3306 409 3364 6,
430 3318 461 3352 ex
481 3316 535 3365 quo
553 3301 614 3352 loco
632 3303 721 3353 nostri
733 3301 848 3365 „parta“
861 3303 1026 3352 mutavimus
1044 3302 1073 3350 in

108 3368 223 3434 ,‚pace“.
276 3372 334 3423 545.
353 3369 447 3419 Ovidii
466 3375 509 3419 est
527 3370 707 3434 Metamorph.
723 3369 784 3432 Vll,
802 3371 861 3421 518.
915 3371 973 3423 547.
994 3368 1075 3419 Ovid.

64 3492 67 3497 ,
106 3436 194 3488 Trist.
210 3437 233 3500 1,
252 3439 276 3500 4,
296 3439 342 3488 27.-
362 3448 389 3487 et
407 3436 485 3488 vrrllu
504 3436 576 3487 ridet
596 3437 706 3486 fortuna
725 3451 829 3488 sereno.
