2378 3810
478 149 540 199 Lib.
558 148 581 198 1.
617 165 643 204 v.
661 151 805 200 435-464.
1079 147 1125 212 25

156 301 271 363 hloenia
296 318 356 361 non
379 303 473 362 tacuit
493 303 642 380 irrumpta
664 303 804 380 virosque
827 311 986 380 peremtos‚
1071 310 1123 360 435

199 385 237 446 Et
258 385 410 456 reddatur,
434 387 482 454 ait,
508 394 592 465 rapta
615 383 712 464 puella
735 386 816 446 mihi.

106 487 123 514 ·
158 469 282 531 Ohrirat
303 469 443 549 precihus
466 487 564 541 aures,
588 470 777 549 retinentque
799 487 934 531 sororem

200 552 304 614 Cetera
327 572 395 614 cum
416 553 551 614 lacerent
571 554 627 615 hac
649 553 792 621 redeunte
813 555 921 616 locum.

156 637 250 698 Immo
272 641 455 699 remiserunt
475 638 665 708 inhonorum,
689 647 812 717 propter
834 640 956 701 honoris

200 719 258 793 Qui
279 722 337 783 fuit
359 730 388 782 et
409 723 491 800 pacis
512 722 619 782 nuncia
642 723 750 783 missus
773 724 825 784 eis.

157 806 268 885 Turpia
292 825 367 884 quae
389 807 491 867 tulerit
512 807 642 867 convicia
665 807 766 867 dicere
788 806 866 881 nolo,

199 889 237 950 Et
259 890 336 970 quod
360 891 397 951 de
419 890 534 952 loribus
552 889 636 951 hunc
658 890 798 970 repulere
820 893 890 952 suis,

156 974 250 1045 Dicas,
274 976 424 1036 Antenor!
447 983 498 1036 tua
520 976 578 1037 fine
601 976 717 1054 negotia
741 974 820 1054 quali

199 1058 355 1130 (hauseris,
379 1068 412 1121 ut
434 1067 549 1120 constet
572 1058 712 1119 omnihus
734 1061 790 1119 iste
812 1059 906 1120 stilus.

156 1143 264 1221 Incipit
285 1146 417 1205 Antenor
440 1143 583 1220 quaedam
608 1144 744 1213 recitare,
768 1161 823 1222 per
845 1142 893 1204 iila

200 1227 261 1289 lam
284 1226 397 1288 dudum
421 1227 538 1288 luerunt
559 1245 635 1307 quae
658 1226 715 1288 sihi
736 1229 813 1288 iacta
836 1228 912 1288 loca.

156 1311 262 1373 Indicit
283 1312 430 1392 Hesynem
453 1312 532 1391 quod
554 1310 668 1373 nollent
690 1312 826 1381 reddere,
850 1312 970 1373 demum

199 1396 232 1456 ln
254 1395 384 1456 medium
408 1399 530 1457 veniunt
551 1395 670 1476 probra,
694 1395 820 1476 repulsa,
845 1398 950 1458 minae.

157 1479 282 1560 Suhjicit
303 1479 460 1551 hortando,
484 1488 517 1541 ut
539 1498 570 1540 se
594 1480 715 1541 robusta
738 1483 873 1542 iuventas

200 1563 335 1626 VindIcet
356 1571 386 1624 et
408 1564 537 1626 Graecos
559 1564 650 1644 Troja
673 1583 816 1626 mucrone
840 1564 944 1626 domus

269 1727 439 1782 PANTHUS
456 1725 661 1781 DISSUADET
679 1727 830 1782 RAPTUM
847 1727 1003 1783 HELENE.

156 1831 290 1894 Panthus
312 1835 361 1893 cui
383 1834 498 1911 genitor
522 1831 711 1910 Euphorbius
734 1833 852 1909 agmine
873 1832 951 1894 facto

198 1916 232 1979 ln
254 1916 355 1978 medio
378 1919 477 1994 eoepit
499 1918 627 1994 agminis
648 1917 703 1977 ista
725 1915 816 1996 loqui.

158 2000 209 2062 Sic
230 2004 353 2063 memini
377 2001 486 2062 dixisse
509 2009 633 2078 patrem,
657 2019 725 2061 nam
748 2001 875 2081 plurima
898 2004 981 2063 novit

200 2085 332 2164 Denique
355 2086 504 2165 praedixit
526 2103 614 2165 saepe
637 2086 735 2146 lutura
758 2086 840 2147 mihi.

157 2169 236 2232 Utile
259 2168 415 2230 consilium
439 2187 498 2229 non
521 2170 654 2239 aestimo,
679 2172 704 2230 si
727 2169 883 2231 mulierem

201 2254 381 2315 Graecorum
406 2253 494 2315 ducat
518 2272 534 2314 e
556 2256 679 2330 regione
701 2254 796 2315 Paris.

158 2338 190 2398 Si
211 2356 262 2398 res
285 2337 391 2398 ellectu
414 2336 577 2407 claudetur,
602 2336 690 2415 Troja
714 2337 832 2417 peribit,

203 2422 296 2494 Quam
318 2422 407 2482 modo
429 2431 511 2482 terra
534 2430 627 2496 tenet,
649 2439 760 2500 pascua
783 2422 881 2483 huhus
903 2424 968 2483 erit.

157 2507 223 2569 Otia
245 2508 354 2567 sectari
375 2504 533 2585 pulchrum
557 2507 651 2582 magis
673 2507 795 2567 aestimo
817 2505 904 2576 liher,

200 2589 295 2661 Quam
318 2607 350 2651 se
372 2592 493 2652 servitio
516 2597 595 2664 mota
617 2607 672 2669 per
694 2607 776 2652 arma
798 2589 896 2652 darer.
929 2589 935 2597 '
1071 2602 1124 2652 460

158 2675 263 2736 Tutius
287 2683 332 2734 est
353 2676 481 2735 iacuisse
505 2674 600 2749 thorn,
624 2675 757 2736 tenuisse
779 2675 919 2738 choream

199 2758 348 2819 Treiciam
371 2758 472 2837 digitis
493 2760 680 2836 increpuisse
702 2758 806 2838 lyram,

156 2841 251 2913 Quam
273 2842 412 2904 manihus
435 2842 548 2922 clipeos
571 2850 601 2904 et
622 2852 726 2903 acutae
748 2844 881 2921 cuspidis
903 2845 1016 2906 hastam

200 2927 236 2988 Et
258 2925 372 3005 galeam
395 2945 499 3006 pressa
522 2927 697 2987 sustinuisse
719 2945 811 2989 coma.

209 3091 282 3145 437.
312 3093 421 3145 obrivat
449 3110 483 3144 ex
509 3096 632 3161 margine
655 3111 704 3160 pro
730 3095 849 3146 codicis:
876 3095 994 3146 ohbtrnt.
1063 3099 1122 3149 438.

155 3159 243 3227 Merg.
261 3161 314 3213 hcc
332 3160 464 3212 redeunte
482 3161 572 3212 locum
592 3177 646 3214 non
664 3162 773 3216 bellum.
792 3178 841 3228 pro
854 3162 905 3214 hae
918 3162 1055 3214 redeunde
1068 3163 1122 3215 loc.

154 3229 213 3279 441.
236 3244 250 3278 e
268 3230 392 3295 margine
410 3245 459 3295 pro
479 3227 613 3293 conjuria.
683 3232 743 3281 449.
761 3229 828 3282 Msc.
841 3230 983 3282 Hortnndo
1001 3230 1123 3294 subjicit.

153 3297 212 3349 461.
230 3296 411 3362 Euphorbus,
430 3312 508 3362 quem
528 3302 622 3349 noster
639 3297 815 3363 Euphorbius
832 3299 955 3350 nominat
973 3314 1028 3349 non
1043 3301 1124 3362 pater

155 3362 205 3414 ned
221 3359 295 3414 filins
314 3361 416 3414 renem
439 3365 500 3414 fuit.
569 3366 627 3416 460.
647 3380 661 3415 e
680 3366 806 3430 margine
824 3381 872 3432 pro
890 3367 923 3421 si.
993 3366 1121 3416 461-64.

155 3428 250 3482 Ovidii
267 3429 361 3483 herod.
380 3431 431 3497 ΙΙΙ,
451 3434 585 3483 117-120
603 3431 765 3498 deprompti.
