2378 3810
1006 119 1070 190 ‘205

104 277 128 338 0
151 280 237 338 luror
259 279 390 345 effrenis,
414 280 509 355 paron
532 277 678 355 Neptunia
701 280 805 356 poenis
1019 289 1069 337 215

150 363 174 422 Τ
176 362 239 441 roja
263 361 330 420 dolo
352 360 469 439 juvenis
491 362 607 440 prodita
631 359 817 438 Graiugenis.
1011 378 1014 382 ·

104 445 235 507 Flamma
260 446 327 506 dein
352 445 438 506 sedes
461 455 491 505 el
512 463 615 522 regum
639 444 741 523 dejicit
762 447 861 515 aedes,

145 531 222 591 Hinc
245 549 339 609 equos
362 530 397 590 ad
421 531 528 591 caedes
549 531 639 591 irruit
660 530 729 590 inde
751 530 853 608 pedes.

104 615 155 674 Vix
179 617 218 676 sil
239 614 373 676 habenda
397 613 480 684 fides,
505 614 582 692 quod
606 613 696 674 millia
720 623 833 675 sternat
854 616 982 686 Atrides,

144 698 226 778 djax,
249 699 369 772 lindos,
394 699 525 777 Pprrlrus
548 695 737 760 Achilleidos.
1016 709 1067 758 220

107 783 220 846 lnslant
242 802 313 844 ense
336 792 444 853 truces,
469 783 538 843 dum
562 784 688 845 flammis
711 783 799 862 Troja
822 782 949 855 reluces,

144 869 252 930 Passus
274 867 378 942 vincla,
403 886 518 942 cruces,
541 869 740 929 interimendo
763 869 865 929 duces.

106 953 236 1023 Quilibet
259 954 365 1013 armati
390 953 519 1030 primunr
543 960 625 1030 palat
645 954 805 1032 impielalii3

146 1038 221 1099 Sunt
244 1039 321 1097 sorio
345 1039 398 1096 lati
422 1044 464 1097 lot
486 1037 562 1098 mala
586 1035 667 1115 jussa
690 1039 760 1114 pali.

105 1121 274 1183 Caednnlur
296 1123 382 1202 pueri
402 1120 585 1200 juvenesque
608 1139 752 1201 senesque
775 1122 870 1183 severi
1019 1132 1069 1180 225

151 1206 245 1268 Omne
267 1205 337 1268 licet
360 1206 475 1275 sceleri,
500 1206 578 1286 quod
603 1204 699 1266 scelus
722 1216 776 1275 est,
799 1207 873 1266 fieri.

108 1292 143 1352 Vi
164 1289 242 1370 jacet
263 1290 365 1352 hostili
387 1307 482 1366 genos
504 1292 649 1366 Assaraci,
673 1308 767 1369 genus
789 1290 832 1359 lli,

145 1375 216 1453 lgne
238 1373 316 1435 lares
339 1374 410 1453 agili
432 1375 501 1436 sede
524 1373 626 1453 jacens
649 1373 764 1436 humili.

104 1458 187 1520 Tunc
208 1460 273 1521 fieri
296 1462 413 1521 cineres
435 1478 577 1538 gemmas,
601 1459 685 1529 ebur,
710 1467 798 1529 ostra,
822 1459 937 1520 rideres

145 1544 231 1605 'lunc
253 1543 370 1605 Danaos
393 1543 508 1605 celeres
529 1545 558 1604 in
582 1543 681 1605 scelus
703 1545 862 1624 aspiceres,
1019 1553 1070 1601 230

63 1682 66 1690 .
108 1629 263 1705 Aspiciens
284 1627 373 1690 liores
395 1637 439 1689 iol
460 1646 576 1707 parvos,
600 1637 644 1689 toi
667 1627 815 1698 mulieres,

146 1713 203 1773 Tol
223 1714 330 1791 perimi
352 1731 503 1792 proceres,
527 1721 630 1790 totque
654 1714 733 1772 viros
755 1721 880 1773 veteres.

105 1796 218 1875 Regum
242 1815 294 1858 rex
317 1797 432 1868 haeres,
456 1798 546 1876 periit
567 1795 656 1859 simol
677 1795 797 1858 Hecuba
820 1814 948 1876 moeres,

148 1882 186 1941 Ur
209 1900 318 1961 corpus
339 1883 463 1952 laceres,
486 1890 519 1942 ui
541 1881 641 1942 doleas
663 1900 798 1961 superes.

103 1966 187 2027 Alter
209 1965 360 2026 Homerus
385 1983 445 2035 ero,
470 1965 514 2026 vel
538 1967 642 2028 eodem
665 1964 761 2044 major
782 1966 922 2034 Homero,
1019 1975 1069 2023 235

145 2049 202 2110 Tol
224 2048 332 2111 classes
354 2068 480 2112 numero
504 2051 637 2113 scribere
659 2053 683 2111 si
706 2059 822 2130 potero.

103 2135 142 2196 Ut
164 2154 213 2197 res
236 2134 376 2206 declarat,
398 2137 489 2214 igitur
510 2137 702 2198 fundamenta
726 2134 840 2195 locarat

145 2219 292 2291 Phoebus,
317 2233 346 2280 et
368 2229 508 2300 captarat,
533 2223 650 2282 moenia
673 2238 776 2280 vomer
799 2228 871 2280 aral.

103 2304 139 2364 El
159 2305 192 2365 fit
214 2322 288 2385 opus
310 2303 433 2373 clarum,
457 2304 536 2384 quod
559 2324 613 2365 rex
636 2304 805 2372 fabricarat,
830 2322 983 2382 aquarum,

147 2388 253 2449 Lustra
276 2389 459 2459 leaenarum,
484 2389 613 2470 silvaque
637 2398 698 2449 luta
722 2406 837 2468 parurn.
1018 2397 1069 2446 240

105 2473 185 2530 Aleia
209 2473 374 2547 milvorum,
397 2472 479 2533 locus
502 2483 532 2534 et
554 2472 695 2552 spelunca
718 2472 868 2552 luporum,

146 2555 258 2616 Pascua
282 2566 353 2618 sunt
373 2559 520 2636 pecudum
544 2557 661 2638 templa,
685 2558 809 2627 theatra,
833 2558 941 2623 iorum.

102 2638 144 2699 rid
168 2639 271 2700 vitium
293 2641 413 2703 thalami
437 2642 515 2720 quod
540 2644 687 2720 adaugent
710 2642 846 2721 Cypridis
867 2640 948 2704 hami

148 2724 261 2802 Vepres
283 2731 313 2785 et
335 2725 439 2786 calami
463 2743 554 2805 regna
578 2733 681 2788 tenent
702 2726 822 2787 Priami.

108 2807 250 2868 Culminis
271 2808 350 2869 ldaei
373 2810 451 2889 quod
475 2811 568 2890 gloria
590 2812 735 2890 perniciei

146 2891 196 2952 Sic
219 2893 316 2972 datur,
341 2892 413 2954 illud
437 2896 464 2955 ei
487 2896 614 2956 contulit
634 2896 677 2956 ira
700 2895 758 2956 dei.

102 2976 177 3037 llum
202 2976 244 3037 sic
267 2977 357 3057 Troja
380 2978 462 3038 cadis
485 2980 777 3041 laniae'disorimine
800 2979 900 3049 cladis,

145 3064 274 3122 Aeneam
297 3060 402 3132 tradis,
426 3070 515 3143 teque
538 3072 692 3144 ratemque
714 3065 804 3125 vadis.

102 3143 139 3204 Et
160 3145 259 3207 Venus
281 3147 350 3206 huic
372 3145 442 3207 moli
465 3145 608 3209 subduxit
629 3148 751 3225 provida
773 3151 859 3227 proli,
956 3200 966 3209 .

27 3228 29 3232 ’
112 3264 115 3274 =
145 3227 222 3292 Huic
244 3229 343 3292 domui
366 3231 420 3291 soli
442 3230 484 3293 nil
507 3250 639 3294 nocuere
661 3231 729 3293 doli.

102 3312 262 3394 Hesperiae
284 3323 378 3376 metas
400 3315 455 3376 nbi
478 3314 564 3394 longa
587 3316 784 3396 spoponderit
806 3328 897 3387 aclas,

144 3397 187 3458 'l'e
210 3411 307 3460 servat
329 3403 435 3479 pietas,
454 3409 491 3462 ut
513 3418 587 3462 nora
611 3419 703 3480 regna
726 3411 819 3479 pelas.
