2378 3810
369 165 431 218 uto.
450 163 487 215 11.
522 180 550 216 v.
568 163 711 216 soe-eso.
986 160 1026 226 67

61 317 224 380 Goniusum
247 316 328 377 videt
350 316 459 376 Hector
482 333 567 384 eum;
591 315 667 394 prob
690 315 829 386 dedecus,
851 317 950 396 inquit

101 410 261 464 Aeternum
284 401 411 480 patriae!
434 417 488 460 cur
510 403 551 460 ita
573 408 656 476 terge
681 401 793 460 refers?

60 487 185 564 Magnae
207 486 327 547 virtutis
349 485 470 544 victorie
494 502 570 563 quse
593 482 749 544 mulierem
974 491 1026 543 805

101 571 144 630 Ad
167 586 223 630 nos
245 566 394 629 imbellem
416 566 510 628 muita
532 585 587 646 per
610 584 692 627 arma
714 567 793 628 tulit!
882 573 884 578 “

63 654 110 714 Tu
131 653 231 732 jaceas
252 655 284 712 in
307 669 409 712 amore
430 659 492 720 tuo,
515 668 571 712 nos
592 649 670 711 belia
692 670 862 730 sequemur,-

104 737 230 818 Sintque
254 735 307 797 tibi
329 733 432 813 vigiles
454 745 546 809 artus,
569 743 598 794 et
620 753 702 796 arma
724 735 796 797 tibi.v

63 821 117 882 Tu-
132 840 173 883 ne
192 820 360 900 puellarum
383 819 547 881 sectaberis
569 818 680 888 oscula,
703 821 781 881 sicut

104 907 205 967 Fortis
228 923 322 984 equus
343 903 458 964 validae
480 921 600 982 semper
623 903 758 978 pdbinnit
781 923 883 984 equae.
975 915 1025 963 810

60 992 95 1052 ln
118 987 208 1051 bellis
227 986 359 1050 imbellis
381 988 457 1059 eris?
480 1005 535 1047 nos
556 986 685 1048 fortibus
707 992 807 1055 armis,

100 1074 245 1147 Fornicis,
270 1078 302 1132 ut
321 1089 439 1149 pauses,
463 1070 606 1132 stabimus
628 1079 696 1132 ante
718 1072 806 1132 iores.

59 1159 118 1220 Hic
140 1159 255 1218 animos
276 1154 401 1217 ostende
423 1162 499 1224 tuos,
523 1155 601 1216 Mars
622 1172 683 1215 non
706 1158 846 1234 speciosis

105 1243 197 1303 Immo
220 1239 354 1301 robustis
376 1239 426 1300 dat
448 1257 500 1300 sus
523 1241 607 1317 signa
630 1241 712 1300 viris.

60 1328 192 1406 Aequius
213 1325 244 1384 in
267 1323 365 1403 gladio
388 1331 487 1385 tecum
509 1322 642 1384 tumebit
664 1325 789 1393 Atrides,
976 1334 1025 1382 815

56 1403 60 1409 ’
103 1409 193 1489 Cujus
216 1407 251 1470 ad
274 1407 404 1468 officium
427 1417 587 1486 praeparet
608 1406 658 1467 ilie.
681 1426 781 1470 suum:

58 1494 134 1567 Quid
157 1493 245 1553 nimis
266 1492 406 1570 indignis,
430 1492 552 1568 sithiu,
575 1510 623 1552 me
645 1492 768 1552 vocibus
791 1511 887 1570 urges,

102 1577 126 1638 0
149 1577 251 1644 irater,
274 1577 387 1654 patriae
408 1575 503 1653 gloria
527 1575 588 1636 sole
612 1577 699 1637 tuoe?

59 1661 125 1722 Non
148 1662 225 1721 vires
248 1668 393 1739 temptare
417 1660 472 1721 viri
494 1677 554 1720 non
577 1677 659 1720 erma
682 1678 798 1728 recuso,

101 1745 175 1806 Dum
199 1743 286 1804 modo
309 1746 362 1823 qui
385 1745 493 1811 vincat,
516 1745 649 1824 praemia
671 1750 755 1821 pecta
778 1745 880 1827 levet..
971 1754 1022 1802 820

57 1898 207 1905 -.-..-..„„-
213 1899 218 1902 .
229 1897 260 1903 ..-

125 1978 184 2028 606.
202 1976 347 2042 Epimstor
364 1979 415 2029 256
433 1992 492 2042 sqq.

160 2051 312 2112 Confusam
328 2065 430 2112 terrore
447 2060 532 2123 videt,
549 2060 634 2112 Probi
654 2060 780 2124 dedecus,
798 2063 888 2127 inquit

158 2129 305 2178 Aeternum
323 2129 442 2192 patriae,
460 2128 624 2193 generisque
640 2129 756 2179 iniemis
774 2131 862 2180 nostri

160 2195 250 2260 Terga
268 2195 372 2246 refers?

56 2281 114 2329 807.
131 2277 232 2340 jacies.
267 2279 440 2343 Epitometcr
458 2279 508 2328 264

158 2362 229 2412 Dum
245 2360 344 2424 jaceas
361 2363 391 2412 in
408 2377 498 2412 amore
517 2367 573 2426 tuo,
592 2378 643 2414 nos
662 2362 737 2414 belle
755 2378 881 2428 geremus

56 2431 115 2480 810.
144 2429 194 2479 Ov.
213 2429 327 2485 Remsd,
345 2431 404 2480 634.

200 2493 295 2548 Fortis
313 2511 399 2561 equus
417 2497 493 2548 visne
510 2511 618 2561 semper
634 2496 761 2548 adhinnit
779 2513 875 2563 eques.

56 2565 114 2616 812.
133 2561 244 2627 Margo:
271 2563 376 2625 fornix,
400 2564 495 2614 domus
517 2565 700 2629 prostibulum
718 2565 782 2616 inde
801 2566 929 2618 fornicor.
955 2569 1021 2623 eris.

56 2631 116 2685 813,
136 2631 177 2680 14.
194 2629 375 2695 Epitometor.
395 2633 453 2682 262.
472 2633 513 2682 63.

158 2697 213 2746 Hic
232 2697 337 2748 animos
355 2698 470 2749 ostende
488 2703 561 2761 tuos,
578 2699 618 2749 nil
637 2699 751 2764 adjuvet
770 2715 845 2750 erma

157 2763 297 2833 Nobilitas
314 2764 429 2828 formae,
448 2765 515 2818 duro
533 2766 608 2817 Mers
625 2766 715 2818 milite
733 2767 836 2832 gaudet

55 2831 113 2882 815.
131 2831 251 2896 Epitom.
269 2833 328 2883 266.

157 2895 280 2963 Aequius
298 2899 424 2951 adversis
442 2905 531 2952 tecum
549 2905 693 2953 concurrat
710 2902 741 2954 in
757 2902 838 2952 armis

157 2963 280 3032 Impiger
297 2966 415 3018 Atrides.
654 2965 655 2968 '

53 3033 113 3087 616.
131 3031 191 3083 illu.
276 3035 335 3087 617.
355 3036 395 3090 18.
418 3049 520 3099 mergo.
539 3034 689 3101 respondet
706 3035 786 3085 Paris
802 3035 917 3086 Hectori
938 3035 1021 3086 fratri

54 3113 113 3151 sno.
141 3097 428 3164 Epitomet.2'12.73.

157 3166 229 3229 Quid
246 3168 328 3220 nimis
345 3168 477 3234 indignis,'
494 3172 594 3235 inquit,
612 3184 655 3220 me
673 3169 788 3220 vocibus
806 3185 889 3236 urges

158 3233 181 3285 0
200 3234 317 3298 putriee,
335 3250 470 3301 germane,
488 3235 592 3288 decus?

53 3301 113 3357 819.
132 3303 174 3353 20.
192 3302 370 3368 Epitomstor
386 3305 445 3354 276.
464 3305 505 3356 76.

156 3368 214 3420 Nec
231 3369 305 3420 vires
323 3370 503 3436 dextramque
520 3372 573 3423 viri
591 3376 694 3422 tentare
712 3387 810 3422 recuso

156 3434 307 3490 Dummodo
323 3439 458 3489 victorem
476 3438 578 3502 conjux
595 3455 655 3491 cum
673 3455 742 3504 psce
761 3444 899 3504 sequatur.

785 3521 824 3576 ᾗ*
