2378 3810
142 157 187 222 26
463 158 526 208 nro.
545 158 567 211 1.
602 175 628 209 v.
647 159 789 209 ros-roo.

145 312 201 372 Hic
223 328 305 371 mera
327 308 460 381 libertas,
483 309 531 369 hic
553 327 623 370 vera
646 308 796 388 pericula;
819 328 920 388 quare,
1061 319 1115 370 too

188 394 283 464 Quam
305 395 370 455 fieri
393 413 506 465 servus.
532 395 590 455 otia
613 393 692 453 malo
714 395 819 472 sequit>

145 478 282 540 Libertas
304 496 359 558 per
382 478 469 540 dulce
492 478 605 539 bonum
628 477 706 538 bona
729 487 827 539 cetera
851 477 962 548 condit,
997 500 1000 504 ·

190 564 261 635 Qua,
285 565 336 640 qui
359 562 529 633 divaserit,
553 563 643 623 ditior
666 579 730 624 esse
753 563 865 642 nequit.

306 742 466 797 PRIAMUS
483 742 663 798 PANTHUM
681 741 948 797 REPREHENDIT.

144 868 183 926 At
206 866 339 925 Priamus
363 862 442 925 bello
463 865 572 942 gaudet
595 873 764 927 constanter
787 872 817 925 et
839 873 926 943 urget

189 946 378 1027 Propositum
401 951 509 1010 mentis
533 949 725 1029 enucleatque
748 968 843 1009 suum.
1022 1012 1025 1017 ,
1062 957 1115 1009 470

99 1067 103 1076 ·
148 1035 224 1102 Non,
248 1035 297 1103 ait,
320 1034 351 1093 in
374 1040 474 1094 mente
497 1036 642 1095 constanti
658 1032 723 1094 tela
745 1037 860 1094 timoris

190 1117 338 1187 Fabricat,
362 1119 393 1178 iu
415 1118 515 1196 fragili
538 1118 618 1179 bubo
640 1118 785 1197 propheta
808 1116 888 1178 mali.

146 1202 207 1263 Nos
229 1206 318 1263 istum
344 1212 446 1272 vatem,
471 1221 523 1263 nos
545 1221 653 1264 vanum
676 1204 845 1282 spernimus
868 1219 965 1273 omne,

190 1286 288 1347 Solius
311 1294 357 1346 est
378 1287 534 1363 proprium
557 1289 636 1347 scire
657 1288 757 1348 lutura
781 1287 838 1346 dei.

148 1371 243 1448 Saepe
265 1370 423 1446 fatigamur
445 1371 475 1428 in
497 1368 606 1440 multis,
631 1388 718 1449 saepe
741 1371 865 1432 molesta
1063 1379 1115 1429 475

191 1454 325 1514 Sustinet
346 1471 362 1512 a
385 1453 507 1515 Graecis
529 1454 620 1534 Troja
642 1457 768 1516 remissa
790 1450 888 1515 minis.

145 1538 278 1599 Exacuat
298 1536 426 1599 vindicta
449 1556 564 1612 manus,
588 1547 759 1599 constanter
782 1541 812 1599 in
834 1537 885 1598 illa

192 1623 373 1691 Perstemus,
397 1640 486 1701 quam
509 1625 568 1684 iam
591 1626 742 1700 coepimus
763 1626 809 1683 ire
830 1625 918 1684 viam.

142 1706 246 1785 'lurpe
268 1707 383 1766 referre
406 1706 522 1785 pedem,
546 1725 602 1770 nec
624 1725 713 1786 passu
736 1718 816 1768 stare
839 1710 948 1776 tenaci,

190 1791 291 1870 Turpe
312 1790 404 1851 semel
429 1799 537 1852 tactum
560 1794 762 1871 postposuisse
785 1790 891 1852 locum.
1064 1800 1117 1850 480

145 1878 205 1936 Ain
227 1893 379 1954 uunquam
402 1882 498 1936 tentes
521 1885 571 1938 aut
593 1877 711 1956 perfice.
756 1875 861 1936 Nonne
884 1875 1056 1954 loquentur,

190 1959 297 2020 Troica
320 1959 502 2019 Graecorum
525 1969 657 2021 transeat
679 1962 763 2021 hasta
783 1959 878 2039 jecur.
1004 1963 1006 1967 '

147 2042 237 2103 Audit
260 2051 289 2103 et
311 2041 368 2102 hoc
391 2043 481 2104 audet
502 2062 664 2124 ausumque
689 2044 847 2104 sonoribus
871 2051 968 2121 auget,

192 2127 229 2187 Et
253 2124 338 2187 ducis
361 2127 457 2187 edicto
479 2127 568 2207 'froja
591 2138 693 2205 parata
715 2130 802 2188 favet.

146 2210 232 2271 Tolle
255 2229 362 2279 moras,
387 2212 478 2282 aiunt,
502 2215 603 2273 nocuit
625 2213 744 2274 differre
768 2212 896 2291 paratis;
1064 2221 1116 2271 485

191 2295 350 2357 Dimidium
374 2294 442 2356 facti
465 2298 516 2373 qui
538 2296 615 2357 bene
637 2299 744 2374 coepit,
768 2294 867 2357 babet.

148 2379 265 2440 Decrcti
288 2378 372 2439 trahe
395 2380 458 2440 vela
480 2381 534 2457 tui,
557 2381 721 2461 peribimus
744 2398 857 2450 omnes,

192 2464 286 2525 Offert
308 2482 340 2523 se
363 2472 429 2524 voto
452 2467 547 2542 patria
570 2472 630 2526 tota
653 2473 712 2525 tuo.

147 2548 254 2608 Grates
276 2566 328 2608 rex
351 2551 467 2626 peragit
489 2557 520 2610 et
542 2559 659 2612 coctum
682 2550 788 2611 concio
811 2547 907 2608 solvit.

191 2631 335 2692 Insistunt
358 2635 452 2711 operi,
475 2633 508 2694 fit
529 2652 612 2696 mora
636 2633 717 2694 nulla
739 2632 828 2694 fabri.
1064 2641 1116 2692 490

148 2715 354 2776 Procumbunt
375 2719 487 2796 piceae,
512 2728 598 2778 sonat
619 2721 678 2778 icta
701 2716 856 2777 securibus
878 2716 947 2787 ilex,

194 2801 284 2860 Corui
307 2806 480 2862 sternuntur
502 2804 715 2879 fraxineaeque
738 2800 846 2862 trabea.

216 2969 275 3019 465.
295 2984 309 3018 e
327 2970 453 3033 margine
471 2984 520 3033 pro
538 2969 643 3019 misera.
712 2970 770 3022 467.
787 2967 875 3023 Anon.
893 2967 989 3018 Navel.
1008 2984 1035 3033 p.
1056 2970 1116 3027 628,

149 3051 175 3088 v.
193 3036 218 3085 9.
304 3037 362 3087 468.
381 3039 468 3087 Anon.
490 3035 586 3086 Navel.
609 3051 636 3100 p.
661 3036 710 3086 525
728 3050 753 3088 v.
773 3037 814 3085 12.
903 3037 963 3091 4⁷4.
980 3035 1117 3100 Pamphil.

149 3101 262 3164 XXXV,
281 3105 305 3156 2.
356 3105 415 3153 tre.
433 3101 527 3152 Ovidii
545 3107 587 3152 eat
605 3103 871 3166 exPont.11‚o‚at.
922 3102 1117 3154 480.1mitatio

148 3168 230 3220 Ouid.
248 3170 315 3224 ibid.
332 3184 360 3221 v.
379 3172 413 3220 22
430 3169 520 3234 Turpe
538 3169 713 3220 laborantem
730 3169 887 3222 deseruisse
904 3174 1012 3224 ratem:

145 3236 208 3292 481.
227 3237 330 3288 Similia
349 3234 615 3301 ovid.AraAm.1‚
634 3240 684 3295 389

396 3303 453 3355 Aut
470 3319 525 3354 non
542 3306 669 3370 tentaris,
688 3309 736 3355 aut
753 3304 863 3370 perfice.

146 3372 208 3422 485.
226 3372 334 3421 Lucan.
353 3371 375 3435 1,
395 3373 453 3423 281.
504 3373 561 3422 486.
578 3372 644 3423 Hor.
662 3371 713 3437 Ep.
732 3374 754 3436 1,
772 3375 796 3432 2,
813 3375 856 3423 40.
876 3372 969 3423 dimid.
987 3373 1035 3438 qui
1053 3386 1118 3423 coe·

148 3439 191 3502 pit
209 3437 303 3489 habet.
374 3440 432 3491 491.
452 3442 494 3494 92.
512 3439 624 3506 Virgilii
639 3440 760 3490 imitatio
778 3439 848 3493 Aen.
866 3438 914 3491 VI.
934 3441 991 3491 180.
1010 3440 1068 3492 181.
