2378 3810
140 121 205 186 120
449 125 512 176 Lm.
530 127 577 179 iv.
599 143 632 186 ‚v.
652 129 794 178 aar-arr.

241 270 520 340 [unorronuuus
539 273 704 345 nonnus
721 250 840 328 ninius
857 274 918 329 rur
935 275 1014 330 oux

472 356 762 428 nrauroonuuy

143 461 235 522 Filius
257 461 403 522 Aeacidae
426 462 557 541 Pyrrhus
580 463 644 532 luit,
668 464 717 523 hic
740 463 914 543 Lycomedis

186 546 270 606 Tunc
294 555 357 607 erat
380 547 410 606 in
433 549 529 617 tectis,
543 565 621 608 nam
645 549 702 607 luit
724 546 789 626 ejus
806 567 890 611 *avus

142 628 194 691 llle
217 629 428 708 Neoptolemus
451 649 569 710 quoque
587 630 756 701 dicebatur,
782 639 904 713 eratque

186 715 332 775 Strenuus
355 721 385 774 et
406 716 500 785 lortis,
524 722 604 776 totus
627 718 724 794 imago
747 718 850 795 patris.

142 799 214 869 Quis
236 800 336 875 potius
358 797 434 859 levat
456 817 537 859 arma
560 801 653 878 patris
677 818 763 876 quam
787 800 865 861 lilius
890 801 967 880 ipse,
1058 813 1114 869 555

182 883 245 943 Rex
269 884 325 950 ait;
349 883 408 943 huc
423 886 528 944 ¹veniat
550 883 809 964 Myrmidonesque
831 894 925 963 regat.

141 968 199 1028 Pro
222 967 337 1046 Pyrrho
360 967 511 1028 Menelaus
534 966 604 1045 abit,
627 968 679 1028 scd
703 987 758 1028 nec
781 969 966 1049 Lycomedes

184 1050 294 1111 Invitus
314 1050 451 1129 juvenem
474 1053 564 1112 mittit
586 1059 615 1113 ct
637 1050 685 1112 ille
708 1055 798 1114 venit.

144 1135 293 1196 Virtutum
317 1135 442 1215 pedibus
464 1139 560 1215 patris
582 1139 613 1196 in
638 1137 757 1215 vestigia
779 1137 912 1216 Pyrrhus

185 1219 283 1281 Calcat
305 1218 452 1291 nobiliter,
477 1221 564 1281 lortis
586 1230 619 1282 ut
641 1223 705 1299 ipse
729 1229 822 1299 pater.
1058 1231 1114 1282 555

176 1417 276 1485 [ΑΙΑΧ
294 1415 529 1497 TELAMONIUS
549 1416 692 1471 OCOIDIT
710 1417 888 1485 Panionia,
908 1417 976 1473 SED
994 1419 1073 1474 ipsu

430 1499 678 1555 VULNERATUS
696 1500 817 1572 onitu]

143 1604 205 1664 Pax
228 1604 326 1665 brevis
348 1609 488 1685 exspirat,
513 1608 647 1685 aspirant
668 1607 789 1685 proelia,
815 1605 927 1668 bellans

183 1690 237 1748 Vix
260 1692 432 1768 respirarat,
456 1689 553 1751 denuo
577 1688 654 1751 bella
677 1698 775 1770 parat;

139 1773 195 1834 llic
218 1783 247 1832 et
269 1773 309 1833 ibi
333 1773 492 1838 clamatur:
518 1775 553 1835 ad
577 1793 675 1846 arma;
698 1775 843 1837 valenter:
867 1775 903 1836 ad
927 1779 1022 1838 arma!

185 1857 313 1918 Elirenis
335 1859 462 1938 populus
484 1861 580 1919 currit
601 1860 637 1919 ad
661 1878 742 1920 arma
766 1863 852 1921 citus.

142 1941 215 2002 Cum
242 1942 348 2003 Danais
370 1947 571 2019 Agamemnon
595 1943 687 2007 adest,
712 1942 899 2025 Trojanaque
922 1946 1015 2006 virtus
1058 1956 1114 2006 565

186 2027 284 2086 Portis
307 2030 446 2107 erumpit,
470 2035 503 2088 ut
525 2029 616 2088 maris
638 2027 714 2088 unda
738 2028 812 2089 fluit.

143 2108 316 2169 Horrisonis
338 2109 401 2170 litui
426 2119 532 2170 vexant
555 2109 714 2172 ululatibus
737 2129 833 2180 auras,

186 2193 224 2254 Et
246 2200 384 2271 tanquam
408 2197 535 2254 tonitrus
557 2196 685 2272 ingruat,
708 2195 806 2261 hinnit
827 2215 931 2276 equus,

144 2278 211 2340 dam
234 2295 266 2338 se
289 2280 482 2338 commiscent
505 2281 593 2354 acies,
614 2278 674 2358 jam
697 2279 753 2340 tela
777 2284 988 2361 propinquant,

183 2362 248 2422 lam
272 2360 394 2423 rutilant
417 2380 512 2429 enses,
536 2364 679 2441 compluit
700 2383 769 2424 arva
792 2383 890 2428 cruor,
1056 2375 1114 2426 575

138 2447 173 2506 15
196 2448 293 2524 primo
317 2446 454 2508 dominus
477 2446 571 2526 clypei
594 2449 796 2526 septemplicis
819 2448 891 2528 djax

183 2532 307 2607 Agmine
330 2531 526 2609 praeradians
548 2535 681 2608 gramina
705 2533 796 2593 caede
818 2529 932 2611 replet;

107 2656 112 2666 .
138 2615 257 2674 Infinita
281 2615 390 2676 cadunt
412 2615 449 2676 ali
473 2623 598 2695 utraque
621 2617 763 2678 cadavera
786 2625 880 2695 parte,

184 2697 220 2759 Ut
240 2697 299 2776 jarn
323 2699 479 2760 lunaribus
502 2699 597 2778 ampla
622 2702 739 2762 deesset
760 2700 876 2762 burnus.

136 2781 204 2842 Non
227 2784 324 2862 potuit
347 2782 427 2843 solus
450 2783 600 2845 deducere
622 2784 771 2845 Cerberus
792 2785 916 2846 umbras
1055 2794 1111 2844 575

180 2866 203 2927 Ε
228 2865 306 2926 bello
329 2869 434 2928 missas
456 2868 486 2926 in
509 2866 711 2946 Plilegetontis
733 2887 840 2949 aquas;

137 2950 200 3011 Nec
223 2952 395 3029 ferruginea
418 2951 572 3013 subvectat
594 2971 719 3032 corpora
743 2953 839 3014 cimba

205 3205 255 3255 556
296 3219 405 3269 margo:
431 3203 648 3269 adveniendum
667 3219 696 3255 ae
715 3209 804 3270 parat,
907 3192 965 3255 661.
1000 3204 1110 3267 llargo.

136 3272 236 3337 Pugna
253 3269 326 3335 xxij,
345 3272 374 3320 in
389 3286 447 3336 qua
464 3271 537 3332 Ajax
556 3273 734 3323 Telamonius
752 3273 852 3322 oceidit
871 3272 1012 3332 Paridem,
1031 3273 1114 3335 prius

136 3344 230 3390 tamen
256 3339 328 3391 idem
354 3335 427 3401 Ajax
453 3337 619 3390 vulneratus
647 3340 682 3390 ab
710 3340 806 3408 eodem
828 3339 929 3391 Paride
956 3339 985 3388 in
1008 3340 1112 3390 eastris

15 3468 19 3474 μ
134 3407 212 3458 obiit.
