2378 3810
365 131 428 182 Lib.
445 132 493 183 IV.
528 147 553 184 v.
573 130 717 183 aaa-256.

101 288 240 347 lntexeus
264 283 369 346 lrumili
391 282 506 363 singula
529 281 618 344 verba
642 281 719 345 stilo.

57 370 199 434 Aeacides
221 369 315 430 llexus
339 369 513 452 alloquitur:
539 387 555 428 o
577 369 794 446 Agamemnon!

101 457 202 522 Miror,
227 456 275 524 ait,
300 461 432 514 nostram
454 462 484 512 te
505 453 632 514 subiisse
656 471 765 515 casam.
976 461 1026 510 230
1094 504 1096 508 .

58 541 101 602 dd
125 548 154 599 te
177 558 224 600 me
247 541 344 617 potius
367 539 470 599 invitat
491 537 594 616 regula
618 539 701 608 recti,

102 625 174 686 Cum
198 642 251 683 rex
276 623 399 692 dicaris;
423 624 478 683 sim
503 639 620 703 quoque
643 623 726 683 miles
750 639 814 699 ego.

60 708 122 770 Sub
144 707 247 770 labaro
271 704 394 787 prodire
416 717 500 770 tuum
524 726 576 768 rex
600 711 699 786 poscis
722 706 875 776 Achillem,

100 793 163 852 Rex
185 796 244 870 pie,
268 795 435 854 moestitiae
458 795 640 870 compatiare
663 811 757 857 meae.

59 877 219 938 Incolumis
239 876 344 938 leviter
368 895 439 955 ergo
462 876 565 938 solatia
588 877 721 955 praebet,
976 885 1025 933 235

102 963 163 1023 Nec
186 963 283 1023 minus
306 964 442 1023 infirmus
463 963 553 1022 sentit
576 962 612 1021 ad
635 980 723 1021 omne
745 959 865 1023 malurn.

59 1047 206 1107 Vulneror
229 1054 259 1105 et
281 1044 413 1106 clausum
436 1052 525 1123 porto
548 1045 602 1105 sub
626 1053 748 1123 pectore
771 1045 872 1116 telum,

101 1131 166 1191 Non
189 1130 279 1190 habet
300 1133 330 1190 in
354 1129 434 1190 laeso
457 1146 584 1208 corpore
607 1147 705 1208 pugna
729 1128 837 1191 locum.

58 1215 128 1275 Dira
153 1213 256 1275 dolens
279 1217 395 1274 animus
419 1233 479 1275 non
502 1221 548 1274 est
568 1215 600 1274 in
624 1213 699 1274 bella
723 1213 896 1283 trahendus,

103 1298 218 1361 llebent
240 1300 429 1377 magnanimo
451 1296 564 1379 proelia
587 1298 676 1359 corde
700 1299 772 1376 geri.
977 1308 1027 1357 240

58 1383 196 1444 Vulneris
218 1383 247 1443 id
269 1402 363 1462 genus
386 1391 438 1453 est,
464 1382 542 1460 quod
567 1403 634 1446 cum
658 1382 787 1444 sanabile
810 1401 870 1444 non
894 1385 931 1443 sit

100 1467 161 1528 Nec
185 1486 243 1529 non
267 1470 502 1542 tractaritutius
525 1487 590 1529 esse
613 1478 695 1548 puto.
720 1475 724 1483 ¹

57 1553 257 1630 Myrmidones
280 1551 334 1613 tibi
357 1556 443 1614 mitto
465 1571 563 1622 meos;
587 1553 670 1620 milri,
694 1552 822 1632 postulo,
846 1570 966 1631 parcam

100 1637 164 1698 Non
188 1644 302 1716 potero,
327 1638 480 1715 princeps!
503 1634 561 1697 hac
582 1638 646 1697 rice
670 1636 746 1698 bella
769 1639 862 1714 sequi.

57 1722 119 1782 Nec
141 1720 231 1782 voluit
253 1739 315 1790 rex,
340 1740 396 1781 nee
410 1721 514 1800 ,potuit
536 1738 588 1779 rex
611 1737 720 1797 angere
743 1727 900 1791 moestum,
976 1731 1026 1778 245

101 1805 206 1866 Grates
228 1804 378 1884 persolvit,
402 1807 431 1864 in
455 1823 507 1866 sna
530 1813 627 1865 castra
649 1804 736 1865 redit.

120 1985 294 2041 ACHILLES
312 1986 352 2040 IN
370 1986 443 2042 HOC
461 1985 577 2041 BELLO
596 1986 727 2041 ΜΑΝΕΤ
746 1987 786 2041 ΙΝ
804 1985 962 2041 casuum.

58 2093 117 2152 lam
141 2110 211 2170 raga
236 2111 287 2154 sex
309 2092 424 2154 vicibus
446 2111 501 2172 per
525 2112 645 2173 campos
668 2092 736 2154 luna
760 2091 881 2163 volarat,

101 2176 160 2237 lam
183 2180 430 2255 pertransierat,
451 2176 510 2256 jam
534 2181 578 2238 vir
601 2181 631 2239 in
655 2196 737 2238 arma
760 2177 846 2248 volat,

60 2262 120 2321 lam
144 2260 253 2323 luctam
276 2265 334 2324 lert
355 2281 453 2342 pugna
475 2280 591 2331 novam,
615 2280 684 2322 cava
708 2279 819 2322 cornua
842 2262 936 2321 lortes

103 2345 230 2407 lnvitant
251 2346 377 2427 pugiles,
401 2363 525 2423 surgere
549 2349 633 2424 signa
657 2344 748 2404 vides.
977 2353 1027 2402 250

60 2431 108 2491 Sic
132 2433 211 2508 acies
233 2435 295 2491 ruit
317 2434 348 2491 in
371 2433 459 2498 acies,
483 2430 526 2490 sie
549 2429 628 2489 ensis
650 2431 681 2488 in
705 2446 817 2496 ensem,

104 2514 187 2575 Sicut
209 2533 280 2594 aper
303 2514 430 2574 validum
454 2512 542 2581 dente
564 2511 690 2573 bisulcat
712 2530 826 2591 aprum.

58 2599 215 2678 Postquam
240 2598 438 2677 Myrmidones
461 2599 542 2658 larus
564 2599 739 2658 inlormarat
760 2597 897 2668 Achilles,

101 2683 143 2743 dd
167 2681 278 2742 bellurn
303 2681 415 2744 celeres
439 2682 549 2759 dirigit,
572 2686 638 2763 ipse
660 2691 770 2742 manet.

58 2768 160 2843 Pugna
184 2768 216 2826 na
239 2775 268 2828 et
289 2785 387 2846 pugna
411 2765 485 2838 talis,
510 2770 595 2846 quasi
618 2776 650 2828 tu
673 2766 850 2828 furibundos
975 2777 1025 2825 255

101 2852 139 2912 Se
163 2853 401 2913 commordentes
422 2854 573 2914 intuerere
597 2871 696 2914 canes.

126 3092 184 3140 233.
204 3107 217 3140 e
237 3091 360 3157 margine
380 3107 428 3155 pru
448 3090 548 3157 possis.
618 3090 676 3141 237.
694 3088 831 3153 Pamphil.
850 3089 871 3146 1,
893 3090 915 3138 l.

159 3159 295 3210 Vulneror
313 3165 341 3210 et
361 3159 537 3224 clausumque
555 3157 611 3209 fero
629 3158 680 3208 sub
700 3162 812 3222 pectore
830 3157 924 3220 telum,

126 3227 184 3274 241.
201 3228 242 3278 42.
263 3227 312 3283 Ov.
333 3228 414 3278 Pont.
433 3229 470 3288 II,
488 3231 512 3290 2,
532 3228 572 3277 59.
592 3227 624 3276 60

126 3292 255 3344 Vulneris
273 3295 300 3345 id
318 3311 406 3362 genus
426 3299 476 3355 est,
496 3294 567 3360 qnod
586 3308 647 3343 cum
666 3291 792 3344 sanabile
811 3308 867 3342 non
886 3294 931 3354 sit,

160 3361 220 3411 Non
238 3365 404 3415 contrectari
423 3365 511 3414 tutius
531 3377 592 3414 esse
610 3365 713 3427 putem.

59 3429 117 3483 251.
137 3427 247 3494 Margo:
266 3433 363 3496 Pugna
381 3431 483 3482 xvllu
