2378 3810
115 169 177 234 164
426 170 488 221 nin.
507 171 540 223 9.
578 187 603 219 v.
621 172 764 221 oos--oot

111 325 197 387 blens
219 331 318 383 tamen
333 321 463 392 illorum,
487 320 592 402 quibus
608 332 652 383 est
667 341 761 404 equus
777 333 806 384 et
820 342 896 402 puer
911 334 942 385 et
955 340 1006 385 res
1029 335 1083 384 999

155 409 192 470 Et
214 409 328 468 virtutis
351 425 444 483 amor,
467 408 637 486 insuperata
659 417 769 469 manet.

115 494 209 555 Nemo
232 493 404 571 pruinosam
428 510 480 551 rex
503 493 534 551 in
556 500 586 552 te
608 509 752 571 spernere
774 489 864 552 debet

156 578 336 646 Caesariem,
361 575 414 637 tibi
437 576 501 636 laus
523 577 648 654 contigit
669 587 736 636 99999
758 575 847 638 diem.

113 660 250 723 Nondum
273 669 361 721 natus
384 678 460 729 9999,
483 658 536 720 sed
559 678 625 720 9999
647 668 717 721 tuno
740 661 845 722 matris
867 663 898 721 in
920 660 995 731 alvo,

156 747 248 806 Ferre
270 744 423 806 ferebatur
444 742 545 804 nobile
567 753 662 804 mater
684 763 768 805 onus
1031 755 1085 806 979

113 827 218 901 Qualia
241 838 272 890 tu
294 829 412 911 genitus
435 829 590 906 genuisses
613 829 719 907 gaudia
742 847 845 906 regno,

155 913 275 974 Plaudit
296 912 392 974 adhuc
415 911 492 973 laeto
515 914 646 974 carmine
668 913 746 974 lama
768 912 887 994 loquax.

113 999 159 1058 'l'u
181 1015 257 1075 puer
279 1006 309 1058 et
328 997 456 1076 juvenis,
479 997 578 1058 audiri
600 999 719 1077 saepius
740 1000 819 1087 ista„

157 1082 264 1161 Segnis
287 1081 435 1142 nobilibus
457 1081 556 1161 indole
579 1083 678 1142 clarus
700 1100 775 1143 eras.

113 1165 254 1228 lnberbis
274 1164 399 1243 juvenis,
423 1166 541 1227 tandem
564 1168 688 1229 custode
710 1176 835 1236 remoto,
1032 1179 1085 1229 995

158 1252 260 1329 Regna
284 1250 414 1312 tuebaris
436 1253 525 1312 unica
548 1249 651 1313 dextra
674 1254 778 1330 patris.

114 1334 159 1395 Tu
184 1334 275 1395 dec-us
297 1352 329 1394 es
350 1334 479 1417 patrium
502 1336 648 1414 postlata
671 1344 794 1414 paterna
816 1344 937 1397 secutus

156 1417 307 1478 Nobiliore
330 1417 454 1480 studens
475 1436 568 1497 regna
592 1429 695 1480 tenere
717 1427 804 1495 statu,

114 1502 246 1572 Viribus,
270 1503 400 1580 ingenio,
423 1503 534 1582 speeie,
557 1505 674 1574 virtute,
698 1505 774 1574 loeo,
797 1522 831 1564 re

159 1584 391 1665 Singula,·quae
413 1588 533 1649 luerant
552 1586 619 1666 jure
641 1589 795 1668 patranda,
818 1597 930 1668 patras,
1033 1599 1087 1649 990

114 1673 290 1751 asperitatis
313 1678 342 1732 et
363 1671 493 1732 invidiae
515 1681 669 1734 corrector
692 1681 722 1733 et
742 1675 804 1734 irae

155 1761 233 1817 Aura
256 1774 362 1817 serena
386 1756 483 1827 bonis,
506 1775 596 1836 scopa
618 1775 721 1819 999999
745 1757 839 1818 999Ιί9.

117 1839 230 1901 Graeca
253 1843 427 1920 supervenit
448 1841 587 1902 violentia
610 1840 733 1911 viribus,
757 1844 858 1911 armis.

155 1924 286 1986 Navibus
309 1935 339 1986 et
360 1924 447 1986 bellis
469 1924 569 1986 littora
593 1925 707 1987 Teucro
728 1944 878 2005 premens.

113 2009 232 2070 Restitit
255 2008 394 2086 Argolico
416 2019 467 2070 tua
490 2009 659 2071 sollicitudo
680 2011 776 2072 furori
1033 2023 1087 2073 999

157 2093 302 2172 Expensis
325 2091 394 2153 belli
416 2112 472 2172 per
494 2093 553 2155 duo
576 2094 667 2156 lustra
690 2095 775 2156 datis.

117 2177 189 2238 Cum
213 2184 256 2237 tot
279 2177 426 2238 sustineas
448 2186 478 2238 et
499 2186 582 2239 tanta
604 2181 723 2257 negotia
747 2179 836 2249 solus,

157 2260 242 2322 blens
264 2259 446 2322 invincibilis
469 2271 498 2323 99
521 2261 597 2324 bene
619 2263 704 2324 firma
728 2273 837 2325 manet.

114 2345 239 2407 Mutavit
260 2354 393 2407 mentem
415 2345 544 2425 populus
566 2348 639 2409 levis
661 2355 690 2409 et
712 2347 790 2409 calet
812 2366 872 2409 uno

161 2429 311 2491 stertendi
334 2431 432 2492 studio
455 2431 604 2493 deteriore
627 2433 734 2502 modo;
1036 2444 1089 2493 999

117 2512 269 2590 Tanquam
291 2524 430 2592 pascatur
452 2515 570 2593 siliquis
593 2527 624 2577 et
645 2535 722 2597 pane
743 2516 876 2578 seeundo

159 2598 324 2657 Murmurat
346 2608 375 2659 et
396 2597 482 2660 labiis
504 2599 641 2680 improba
664 2609 731 2662 vota
754 2602 869 2680 probat.

182 2782 241 2835 965.
259 2782 326 2834 Ηο9.
343 2783 376 2835 A.
395 2782 426 2833 P.
444 2787 494 2836 248

184 2847 370 2899 offenduntur
388 2851 470 2910 enim,
491 2852 590 2916 quibus
608 2856 653 2902 999
672 2867 758 2916 equus
777 2858 806 2902 et
824 2857 905 2917 pater
922 2857 950 2902 et
968 2866 1014 2902 999

116 2916 199 2965 etiam
218 2916 268 2970 cfr.
286 2914 464 2984 (Maximien)
482 2918 504 2976 Ι,
522 2921 557 2969 34
575 2934 614 2983 sq.
902 2948 905 2953 ·

267 2983 327 3033 Has
345 2985 418 3034 inter
435 2987 545 3036 virtutis
563 3001 640 3051 opes,
659 2986 812 3038 tolerantia
830 3003 921 3038 rerum

106 3086 111 3097 .
304 3052 460 3116 Spernebat
479 3059 594 3103 cunctus
611 3056 777 3119 insuperata
794 3055 893 3106 minas.

115 3119 174 3168 976.
194 3122 237 3167 999
253 3117 351 3169 Horat
369 3118 423 3169 Ars
438 3126 511 3186 poet.
530 3137 555 3172 9.
576 3123 632 3173 tet.
700 3123 761 3172 ete.
779 3121 876 3187 Margo
894 3125 934 3181 tn,
953 3121 1019 3172 dieo
1038 3138 1088 3190 pro

114 3185 243 3247 „nnioa“.
342 3188 401 3238 ent.
419 3194 539 3238 secutus.
559 3188 724 3244 991991,99ἰΙ.
743 3205 868 3255 regnum.
967 3189 1030 3240 98⁷.
1048 3195 1090 3242 est

114 3252 214 3370 Hlprttt.
232 3252 282 3316 Ep.
302 3254 339 3314 11,
360 3255 383 3314 1,
403 3257 426 3303 1.
497 3257 555 3306 989.
575 3257 617 3309 90.
637 3260 680 3307 999
698 3257 767 3307 Hor.
785 3257 874 3322 Epist.
896 3255 931 3314 11,
951 3258 976 3320 1,
996 3257 1091 3314 totto

115 3334 134 3367 u
154 3321 164 3368 i
181 3324 276 3369 umen

251 3384 397 3436 scribendi
415 3387 515 3449 dudio,
533 3391 666 3455 puerique
684 3397 836 3457 patresque
854 3392 947 3443 severi

103 3453 166 3502 891.
182 3452 254 3504 Hor.
272 3454 365 3520 Epist.
384 3454 421 3519 11,
440 3458 464 3520 1,
485 3456 689 3508 9999999991.
708 3463 779 3525 etp.
798 3474 820 3510 s.
