2378 3810
400 223 402 228 Ι
429 148 490 202 nan.
508 149 531 198 1.
567 165 594 202 v.
612 151 755 201 eae-eea.
793 115 795 120 ’
1033 147 1074 212 31

108 298 261 381 approbat
283 299 358 360 haee
381 300 525 370 Paridem,
548 300 647 360 Paridi
670 299 768 379 placet
789 300 853 370 illa;
877 297 993 364 levetur
1025 311 1078 362 000

151 385 266 446 Ardens
288 386 414 445 interius
437 385 494 445 hae
516 387 621 445 titione
643 402 742 463 rogus.

109 470 190 531 Alter
212 470 244 529 in
266 468 388 529 alterius
410 471 554 530 iactantes
575 470 686 530 lumina
710 470 808 531 vultus

152 554 218 615 Non
240 552 304 613 lere
327 562 486 614 senserunt
507 554 588 614 intus
610 557 720 614 amoris
743 571 827 614 onus.

108 637 253 699 Verberat
274 638 348 699 haee
370 638 541 719 illumsed
565 647 594 698 et
616 637 666 698 ille
689 637 862 699 reverberat
884 636 974 709 illam,

151 723 258 783 Visivis
279 720 390 799 gladiis,
406 721 532 800 pulchra
555 723 654 783 duella
677 731 793 802 parant.
1024 731 1076 782 000

109 805 239 868 Nutibus
260 805 404 875 alliciunt,
430 805 516 866 oculo
540 823 598 867 nen
622 824 674 867 ere
696 807 869 886 lequuntur,
1038 808 1047 821 “

151 891 291 951 Exterius
312 890 428 958 ludunt,
450 892 593 951 interiora
617 899 735 967 reguum

109 972 234 1051 Quoque
256 976 350 1052 magis
372 975 482 1052 tegitur
504 982 587 1034 tanto
610 978 704 1052 magis
727 983 840 1037 aestuat
861 977 947 1054 ignis,

152 1058 261 1135 lgneus
282 1058 332 1118 ille
354 1060 440 1119 furer
462 1055 558 1119 nescit
580 1058 690 1119 hahere
714 1061 843 1125 medum.

108 1144 263 1221 Adspicies
285 1142 388 1204 000100
410 1142 538 1204 tremulo
559 1143 676 1220 fulgore
698 1145 851 1214 micantes,
1024 1154 1077 1203 010

153 1227 192 1288 Ut
214 1226 257 1288 001
280 1245 295 1288 0
318 1227 431 1306 liquida
455 1244 545 1304 saepe
567 1225 695 1305 refulget
719 1246 801 1307 aqua.

109 1311 227 1373 Interea
249 1314 355 1373 tacitae
377 1319 502 1392 serpunt
524 1314 554 1371 in
577 1314 691 1373 viscera
713 1311 860 1384 flammae,

152 1397 189 1456 110
212 1395 287 1457 mala
309 1396 425 1458 radices
447 1395 534 1457 altius
557 1394 647 1456 arbor
669 1397 737 1474 agit.

110 1480 135 1541 Ο
158 1498 245 1560 quam
268 1479 391 1541 difficile
413 1489 542 1541 mentem
565 1499 623 1540 nnn
646 1481 776 1560 prodere
798 1483 894 1543 vultu!

152 1564 247 1644 Saepe
269 1571 371 1626 tacens
393 1582 496 1626 vocem
520 1564 668 1643 verbaque
691 1563 787 1626 vultus
810 1565 910 1628 habet.
1023 1578 1076 1628 615

109 1649 214 1711 Vultus
236 1651 317 1710 enim
331 1652 436 1730 ‚nostri
458 1648 534 1709 liber
558 1659 602 1708 est
625 1656 654 1708 et
676 1648 774 1710 littera
798 1651 906 1722 cordis,

151 1733 205 1794 Est
226 1735 317 1794 iacies
338 1733 468 1794 hominis
489 1733 588 1809 lingna
612 1734 742 1793 secunda
766 1737 821 1794 sui.

110 1817 245 1880 Condere
267 1835 335 1879 cum
358 1817 492 1878 volumus
515 1834 656 1877 arcanum
678 1819 809 1894 pecteris
830 1819 911 1879 intus

153 1903 278 1963 Conscia
300 1919 470 1982 purpureus
492 1901 586 1961 inlicit
609 1918 660 1961 era
682 1900 785 1962 rubor.

110 1987 241 2065 Contigit
261 1986 318 2046 hnc
339 1987 412 2047 istis.
458 1986 587 2046 Mentem
610 1986 716 2064 legisse
739 1987 865 2047 duorum
1024 2001 1079 2050 000

152 2070 185 2132 10
207 2073 284 2132 10010
306 2079 437 2149 0010000;
461 2072 505 2131 010
527 2078 613 2146 00000
637 2089 724 2132 omne
747 2072 840 2132 00100.

109 2152 176 2215 Non
198 2163 336 2232 poterant
358 2164 457 2217 tamen
480 2154 615 2234 alloquiis
639 2164 668 2216 et
690 2155 818 2236 predere
840 2155 988 2219 flammam

152 2240 200 2309 Et,
224 2239 303 2319 qued
327 2247 451 2319 uterque
474 2219 552 2308 velit,
576 2239 755 2302 abstinuisse
777 2241 839 2301 din.

156 2425 387 2491 602.Pamplr.LI¹
395 2425 426 2475 13
435 2423 514 2474 Alter
523 2425 553 2473 in
564 2422 739 2475 alteriusfert
748 2424 1076 2480 tantumlnminavnltns.

109 2497 168 2548 608.
188 2493 239 2545 Ov.
258 2494 370 2546 Metam.
387 2492 434 2553 IV,
454 2493 487 2541 64

191 2562 306 2625 Quoque
324 2561 413 2625 magis
430 2560 543 2624 tegitur,
562 2562 654 2608 tectus
673 2559 761 2624 magis
780 2565 891 2612 aestuat
908 2562 990 2627 ignis.

110 2631 169 2681 610.
179 2629 237 2678 611.
253 2629 303 2680 00.
314 2629 365 2676 Ars
379 2627 416 2690 11,
427 2629 485 2676 721.
499 2628 541 2677 22.
559 2625 705 2690 Adspicias
720 2631 784 2689 ete,
800 2644 854 2693 qna
867 2634 978 2694 propter
988 2631 1076 2681 nosti:

110 2697 268 2761 adspiceres
290 2694 454 2745 mutabimus
476 2695 506 2744 in
524 2693 672 2758 adspicies.
757 2696 814 2746 612.
834 2699 874 2748 13.
892 2696 943 2750 Ov.
961 2697 1077 2748 Remed.

110 2766 167 2816 105.
188 2764 245 2814 106.
314 2763 373 2811 614.
391 2761 484 2813 Gualt.
501 2760 578 2810 Alex.
595 2761 620 2824 Ι,
638 2763 679 2812 63.

195 2830 218 2881 Ο
238 2844 318 2894 quam
337 2827 449 2879 difficile
467 2833 509 2879 est
527 2828 647 2879 studium
664 2844 717 2879 non
735 2829 852 2894 prodere
869 2829 960 2881 vultui

108 2899 228 2950 imitatio
247 2897 340 2949 Ovidii
355 2896 423 2950 Met.
441 2897 478 2959 11,
495 2898 545 2946 441

279 2963 402 3015 Difficile
421 2970 472 3023 est,
490 2964 593 3013 crimen
610 2979 665 3015 non
683 2964 798 3029 prodere
818 2965 904 3014 vultu.

109 3035 168 3086 616.
197 3032 292 3083 Ovidii
317 3034 369 3082 Ars
394 3031 453 3081 Am.
480 3032 503 3094 Ι,
534 3033 592 3082 574.
682 3035 740 3082 616.
765 3033 860 3083 littera
889 3047 922 3082 ex
949 3035 1075 3100 margine

109 3117 158 3167 000
182 3099 288 3152 codicis
312 3099 403 3153 litora.
422 3125 453 3135 -·
472 3099 555 3150 Alnn.
576 3099 735 3150 Antialaud.
753 3099 801 3154 lib.
819 3099 871 3161 ΠΙ,
890 3116 916 3165 p.
932 3102 975 3164 46,
993 3101 1040 3156 lin.
1058 3103 1076 3152 8

110 3169 146 3220 ab
164 3169 249 3219 infra.
282 3168 353 3217 Nam
370 3167 466 3218 uultus
484 3172 579 3216 noster
596 3165 666 3217 liber
684 3172 737 3232 est,
757 3173 786 3218 et
802 3167 898 3218 littera
917 3168 1006 3220 cordia

273 3235 402 3296 Nuntius,
420 3235 556 3299 interpres
574 3249 668 3297 verax,
685 3236 823 3299 animique
842 3234 938 3301 figura.

110 3303 315 3356 61000100.
334 3304 371 3364 Π,
391 3303 414 3364 6,
434 3303 475 3352 34.
494 3300 559 3354 Con.
577 3317 656 3367 pnrp.
673 3303 752 3354 venit
770 3303 799 3352 in
819 3318 865 3354 ora
882 3304 978 3369 pudor.
1014 3303 1075 3354 621.
1150 3365 1157 3371 ,

111 3387 189 3424 omne
208 3387 243 3422 ex
260 3371 383 3434 margine
402 3385 450 3434 pro
470 3369 574 3420 codicis
594 3375 687 3434 atque.
742 3372 800 3421 623.
818 3370 967 3436 Dialogum
986 3383 1075 3434 aeque

111 3440 210 3491 ovidio
219 3435 407 3504 depromptum
418 3437 651 3503 praebetKonrad
659 3437 721 3502 trnj.
728 3440 822 3505 Krieg.
832 3454 857 3493 v.
863 3438 1081 3489 20116-22400.
