2378 3810
988 84 990 88 ⁴
1009 59 1071 174 aur

108 265 199 334 Vince
222 263 305 342 prius
327 263 483 332 Venerem,
508 265 533 325 si
557 264 599 324 vis
622 281 713 344 eques
735 282 800 324 esse
824 265 932 326 virilis:

153 349 250 408 Armis
272 355 302 408 et
324 349 442 408 Veneri,
456 366 544 409 nemo
567 366 671 409 vacare
693 355 799 427 potest.

6 470 9 475 -
104 432 172 494 'Nec
192 431 266 501 laus,
291 449 347 492 nec
369 432 513 513 probitas,
537 451 593 493 nec
616 431 712 492 honor
734 450 878 509 superare
901 432 1044 512 puellam:

151 517 209 577 Sed
234 511 356 578 Veneris
378 517 482 578 vitium
505 519 623 578 vincere
645 516 742 578 laudis
765 533 849 597 opus.
1040 527 1073 575 70

108 601 174 662 Noli
197 618 276 662 nunc
298 603 409 663 trustra
432 603 557 662 Veneris
579 601 630 661 sed
654 610 750 662 castra
772 601 931 662 Minervae.

150 686 230 747 Haec
253 685 340 746 docet
360 686 409 746 illa
432 686 518 756 lurit;
543 686 615 746 llaec
635 685 725 764 juvat,
749 684 797 746 illa
819 692 916 747 nocet.

107 771 173 831 lam
195 771 339 850 resipisce
361 770 443 846 Pari,
466 789 611 850 navesque
634 770 771 850 relinque
795 776 919 846 paratas,

150 853 278 916 Consilio
301 871 411 933 parens
431 856 492 935 jarn
514 858 657 934 resipisce
681 856 762 916 Pari!

111 939 183 1000 Cum
206 942 246 999 sit
268 957 350 1001 amor
373 941 497 1008 vetitum
513 943 596 1000 vetiti
618 939 712 1001 malus
736 948 820 1000 actus
841 941 961 1000 amoris.
1040 949 1073 997 aa

152 1022 302 1084 Simulus
325 1041 395 1100 ergo
418 1032 520 1093 nocet;
543 1026 568 1083 si
590 1031 687 1092 nocet,
710 1041 782 1101 ergo
806 1023 884 1102 luge.

109 1107 199 1186 Cujus
221 1116 323 1187 coepta
347 1107 453 1175 scelus,
476 1109 610 1169 medium
633 1111 731 1178 timor,
755 1109 851 1169 exitus
873 1110 966 1186 ignis:

152 1191 196 1251 l'u
218 1193 299 1270 luge,
322 1199 353 1253 tu
377 1191 512 1272 reproba,
536 1201 568 1252 tu
592 1193 751 1254 metuendo
775 1210 855 1253 cave.

112 1277 169 1338 Sed
194 1286 336 1355 concepta
362 1279 466 1357 nequis
489 1280 581 1338 vitare
604 1278 744 1356 cupidine
768 1279 870 1346 victus,

152 1360 217 1431 Qun
239 1362 437 1442 quodcunque
460 1380 548 1441 paras
571 1370 654 1442 peste
676 1378 784 1442 parare
805 1379 918 1441 parem.
1041 1372 1074 1420 80

111 1445 154 1506 Te
178 1452 226 1505 tua
249 1447 308 1506 lata
332 1445 463 1517 trahunt,
487 1465 524 1508 ne
546 1454 651 1527 coepta
672 1446 843 1526 relinquere
866 1448 978 1526 possis:

156 1529 193 1590 Ut
215 1530 478 1609 rapiasflelenam
500 1540 530 1592 te
553 1540 602 1592 tua
626 1533 682 1592 lata
706 1533 836 1593 trallunt.

111 1615 160 1674 Sic
184 1621 228 1674 est
250 1616 347 1674 omnis
370 1633 480 1683 amans,
504 1617 546 1674 sic
568 1633 610 1683 se,
633 1616 677 1676 sic
699 1617 796 1675 omnia
821 1617 947 1691 spernit:

154 1699 328 1768 Consilium,
352 1701 471 1768 lamam,
496 1699 627 1767 l'oedera,
650 1698 727 1776 jura,
752 1699 835 1759 dens.

112 1784 168 1845 Hic
191 1801 274 1844 amor
298 1789 330 1843 ut
352 1801 504 1863 praeceps,
530 1792 561 1843 ut
583 1799 701 1853 coecus,
726 1793 758 1843 ut
778 1785 972 1861 impetuosus,
1043 1792 1075 1842 85

156 1868 195 1930 Ut
217 1869 332 1928 ratione
355 1886 472 1938 carena,
496 1869 592 1929 nescit
613 1867 725 1928 habere
747 1866 879 1928 modum.

113 1953 169 2013 Hic
192 1970 275 2013 amor
299 1960 344 2013 est
366 1971 476 2022 amens,
501 1952 568 2014 aliis
590 1954 731 2014 inimicus
754 1960 783 2012 et
805 1953 877 2030 ipsi;

153 2036 220 2097 Non
243 2055 336 2122 amor,
360 2039 451 2098 immo
474 2037 586 2108 scelus;
611 2055 670 2098 nnn
692 2038 799 2106 scelus,
822 2036 1032 2098 immolarer.

113 2121 237 2181 Instruit
259 2137 331 2198 ergo
354 2129 441 2193 rates,
464 2125 572 2184 transit
593 2140 685 2193 mare,
708 2123 826 2204 quaerit
848 2123 984 2192 amicam,

155 2205 238 2267 Hanc
260 2207 348 2286 rapit,
371 2209 426 2268 lrac
450 2209 569 2276 lruitur,
593 2207 669 2268 hanc
692 2207 769 2268 male
792 2212 873 2267 tutus
895 2205 993 2267 habet.
1043 2215 1077 2263 90

113 2291 259 2351 Custodes
280 2308 335 2350 seu
357 2293 471 2360 vi,.seu
493 2308 628 2358 munere,
652 2307 705 2350 seu
727 2308 818 2368 prece
842 2289 919 2358 victi,

157 2372 207 2432 Vel
230 2391 313 2442 nece,
339 2372 382 2432 vel
406 2372 538 2444 latebris,
563 2373 608 2432 vel
631 2375 748 2450 periere
771 2380 862 2432 metu.

114 2456 178 2526 Quo
200 2474 254 2515 rex
277 2455 379 2516 audito
401 2456 560 2534 Menelaus,
583 2457 653 2517 dum
676 2457 853 2524 tremitur,
931 2504 937 2510 .

157 2539 211 2598 Vix
234 2546 316 2622 tenet
337 2558 352 2600 a
373 2539 472 2619 gladio
494 2561 526 2602 se
550 2541 679 2602 feriente
701 2558 815 2602 manus.

113 2623 187 2693 Flet,
210 2631 301 2699 tonat,
325 2627 444 2692 insanit,
468 2625 596 2695 frendet,
620 2627 722 2705 gemit,
746 2633 870 2696 aestuat,
894 2625 987 2695 ardet,
1043 2635 1076 2683 95

158 2710 277 2770 incusat
299 2727 433 2789 superos,
456 2712 583 2780 muenia,
605 2711 674 2778 lata,
697 2712 816 2772 iretum.

114 2795 183 2856 Odit
206 2795 284 2854 enim
309 2797 396 2855 vitam
420 2795 507 2856 simul
530 2805 559 2855 et
582 2795 684 2856 solatia
708 2799 798 2857 vitae:

158 2880 286 2949 divitias,
310 2881 453 2959 requiem,
477 2879 594 2957 gaudia,
618 2889 744 2960 sceptra,
769 2880 878 2942 cibum.

114 2962 223 3024 illavult
244 2965 309 3043 ipse
333 2967 423 3025 mori:
448 2967 514 3043 quia
539 2982 598 3025 nun
622 2967 767 3027 moriatur
789 2965 913 3033 adulter,

157 3048 208 3109 Sic
230 3067 292 3117 sua,
317 3050 357 3110 sic
380 3056 500 3128 reputat
521 3068 553 3109 se
576 3050 648 3110 nihil
672 3048 782 3129 absque
805 3067 868 3110 sua.
1031 3058 1079 3106 100

115 3132 268 3194 Excidium
291 3131 397 3212 Trnjae
422 3141 536 3201 tractat,
561 3132 690 3202 molitur,
715 3133 846 3194 anhelat:

158 3215 235 3278 llum
259 3218 353 3279 solum
378 3219 512 3278 Paridem
537 3219 617 3279 ducit
640 3218 724 3279 obire
748 3236 863 3298 parum,

184 3402 224 3456 ⁷1.
254 3403 358 3454 frustra
375 3425 408 3444 =
427 3403 523 3466 frusta,
544 3403 659 3453 lucusta.
