2378 3810
423 197 487 250 Lib.
506 197 539 250 V.
574 212 600 251 v.
618 197 761 251 lot-781.
1020 194 1094 262 155.

116 352 172 423 Qui
195 352 311 412 ineram
333 350 454 428 pardus,
477 367 543 411 sum
566 349 669 410 tardus
691 347 831 410 euntibus
854 351 940 411 annis

157 436 190 495 ln
213 452 357 515 praeceps
378 430 488 515 raptim
511 451 594 494 more
616 433 735 495 liuentis
757 452 861 512 aquae.

115 520 201 581 Miles
222 527 255 580 ut
278 521 421 580 emeritus
444 537 502 580 non
526 527 572 578 est
594 520 667 579 satis
688 518 770 579 utilis
792 520 895 595 armis,

157 603 246 666 Ponit
268 605 305 664 ad
327 606 474 684 antiquos,
498 621 574 682 quae
596 603 665 664 tulit
687 621 777 676 arma,
803 601 892 663 lares.

116 688 173 749 Sed
196 686 266 748 licet
288 688 362 749 haec
384 695 515 749 nostram
539 687 665 748 fundent
687 694 717 748 et
738 686 823 766 plura
848 685 1010 764 querelam,
1030 696 1079 746 705

160 772 235 834 Nolo
258 781 358 834 tamen
380 780 495 834 vestras
516 774 587 834 inde
609 770 711 833 labare
734 790 849 833 manus.

115 856 159 917 Re
182 859 206 917 si
230 875 300 927 non,
325 876 417 938 opere
439 858 505 918 volo
529 875 580 918 vos
601 874 753 937 operaque
773 856 876 937 juvare

157 941 239 1002 Etsi
261 960 320 1003 non
343 960 398 1019 per
420 960 518 1020 opem,
543 940 588 1002 vel
610 959 664 1019 per
687 960 770 1021 opus,
793 958 848 1020 per
870 959 956 1021 opes:

113 1025 151 1087 Et
173 1027 198 1085 si
220 1043 280 1086 non
303 1044 412 1095 armos,
435 1025 519 1096 vobis
541 1027 694 1103 impartiat
716 1044 796 1086 arma

158 1110 308 1171 Auxilium
332 1109 429 1170 dando
452 1111 667 1189 consiliumque
688 1109 840 1188 frequens.

114 1193 181 1255 Non
203 1193 293 1253 modo
315 1192 368 1253 sed
391 1211 510 1273 semper
532 1192 589 1253 hoo
611 1211 703 1270 regna
723 1193 874 1272 juvamine
897 1194 972 1263 rexi,

158 1279 212 1338 Est
233 1277 344 1356 ailquid
368 1277 463 1338 valida
486 1284 603 1357 sceptra
626 1285 730 1338 tenere
753 1296 852 1339 manu.

112 1363 201 1424 Solus
223 1380 277 1422 rex
298 1368 412 1440 regnat,
436 1362 533 1422 honor
556 1371 655 1423 autem
677 1379 769 1440 regna
792 1364 923 1440 regentis

155 1448 208 1509 Est
231 1453 261 1510 in
285 1445 427 1528 subjectis
449 1445 649 1528 militibusque
671 1446 767 1508 bonis.

113 1532 178 1592 Non
201 1531 288 1592 miles
310 1533 374 1592 sine
396 1549 468 1608 rege
490 1530 576 1607 valet,
600 1549 731 1594 neesrex
754 1533 820 1592 sine
841 1531 901 1592 iido
1029 1541 1079 1591 ⁷15

155 1615 256 1682 Milite,
278 1614 383 1676 militia
407 1615 534 1693 plurima
553 1618 632 1694 regis
655 1616 761 1677 honor.

113 1700 179 1761 Non
202 1701 272 1760 satis
296 1698 353 1761 u'na
378 1707 460 1761 tenet
482 1708 597 1760 ceratas
619 1717 727 1760 ancora
750 1718 875 1779 puppes,

156 1785 221 1846 Non
245 1785 317 1844 satis
340 1791 384 1844 est
406 1783 529 1864 liquidis
551 1785 656 1844 unicus
678 1802 773 1844 uncus
795 1785 888 1862 aquis

113 1869 166 1930 Sic
188 1886 280 1930 unum
304 1886 429 1946 regnum
450 1867 542 1928 rebus
564 1867 625 1928 vult
646 1876 725 1928 stare
748 1867 864 1929 duabus

156 1953 206 2014 Sic
227 1970 277 2012 res
299 1953 422 2013 alterius
444 1952 536 2014 altera
559 1956 656 2032 poscit
676 1971 779 2030 opsm;
825 1954 828 1959 ’

113 2038 206 2098 Nemo
229 2037 285 2097 sibi
309 2039 380 2098 satis
402 2045 457 2107 est,
481 2044 549 2115 eget
570 2038 666 2097 omnis
689 2040 804 2098 amicus
824 2037 934 2106 amico;

155 2121 249 2183 Vaeh!
272 2122 341 2191 soii;
365 2123 445 2183 eadit
466 2121 525 2192 hin,
548 2141 636 2200 nemo
659 2122 770 2184 levatur
793 2121 859 2182 erit.

113 2206 146 2265 ln
169 2205 252 2267 vobis
273 2209 366 2285 igitur
388 2207 495 2267 Troiae
517 2209 641 2268 viatoria
664 2208 784 2284 pendet,

155 2290 194 2351 Et
215 2308 319 2369 pacem
342 2295 457 2371 patriae
479 2290 600 2352 brachia
623 2301 719 2351 vestra
743 2290 863 2352 dabunt.

112 2375 154 2436 lle
177 2393 280 2436 rerum
303 2384 428 2435 tractate
451 2382 529 2434 statu
551 2382 706 2453 vestraque
728 2374 832 2440 salute,

156 2459 266 2519 Sensus
289 2462 368 2519 enim
392 2457 475 2518 vobis
497 2455 715 2534 consiliumque
737 2460 825 2532 viget.

111 2542 225 2603 Vertite
247 2543 424 2620 praeteritas
445 2549 620 2620 praesentes
642 2558 751 2621 resque
772 2543 898 2608 suturas,

154 2624 295 2704 Quosque
317 2628 402 2702 sequi
426 2626 524 2703 potius
546 2625 732 2703 expeditius
753 2627 826 2699 vias,

113 2709 189 2770 Nam
212 2727 266 2788 per
287 2713 449 2788 praeterita
471 2710 637 2789 praesentia
660 2727 749 2789 saepe
770 2709 921 2780 labuntur,

155 2793 250 2873 Saepe
272 2801 365 2855 status
388 2813 529 2872 praesens
551 2795 630 2855 seire
653 2795 751 2855 lutura
773 2796 854 2857 iacit.
1027 2806 1079 2855 lan

111 2877 174 2939 lloo
198 2882 260 2939 scio
283 2880 308 2939 si
331 2878 465 2941 volumus
488 2896 640 2958 superare,
663 2879 786 2940 levanda
808 2880 924 2958 potenti

179 3083 237 3132 702.
257 3081 308 3133 Ov.
325 3079 378 3130 Ars
395 3079 454 3132 Am.
474 3082 526 3141 ΙΙΙ,
544 3082 576 3132 62

262 3177 296 3185 -
315 3153 381 3199 eunt
398 3152 464 3199 anni
482 3164 556 3199 more
574 3148 684 3209 fluentia
703 3164 799 3214 aquae.

108 3218 168 3268 703.
187 3218 211 3267 4.
231 3215 310 3267 Orid.
323 3217 409 3270 Trist.
427 3217 475 3278 IV,
493 3218 521 3273 8,
532 3219 573 3266 21.
591 3219 633 3267 22.
650 3232 700 3281 pro
717 3218 805 3268 nostri
829 3217 958 3267 emeritus
978 3217 1027 3278 eir.
1050 3233 1076 3268 r.

108 3285 160 3334 ‘199
183 3284 269 3335 hebet
292 3283 408 3335 Ovidius
432 3285 561 3338 emeritis.
636 3284 888 3336 nitorimenta.
907 3285 966 3334 ten.
1018 3285 1077 3336 717.

112 3352 152 3401 la.
170 3351 251 3406 ovid.
270 3351 382 3402 Remed.
400 3354 459 3406 44⁷.
478 3352 520 3411 48,
540 3366 573 3401 ex
591 3366 644 3417 quo
662 3352 725 3403 loon
742 3354 883 3415 posuimus
901 3355 1009 3402 aeratas
1027 3367 1078 3417 pro

111 3417 216 3469 oodiois
233 3425 341 3471 seratas
360 3422 389 3469 et
405 3418 538 3484 marginis
556 3418 690 3472 lauretus.
725 3419 779 3470 Pro
796 3433 883 3470 unone
895 3417 1014 3471 Ovidius
1026 3419 1078 3469 hn-

109 3499 171 3535 mne
188 3480 310 3550 praebat.
381 3489 439 3542 721.
457 3487 595 3538 Neveleti.
615 3502 642 3552 p.
661 3485 781 3538 niuliu.
795 3489 818 3536 ‘t
833 3487 873 3536 ὼ
885 3487 981 3536 inixa..
