2378 3810
116 129 177 194 104
436 131 499 181 aaa.
518 131 566 182 εν.
603 147 628 186 v.
648 133 775 185 rc-aor.
808 103 810 107 ’
896 128 898 132 ’

158 283 254 344 Debet
276 284 452 363 promissam
476 281 579 344 lallere
601 292 667 363 tyro
690 283 796 345 iidem?

116 368 258 430 Adversis
281 385 341 427 non
364 367 468 428 deesse
492 367 578 429 decet
602 369 653 428 sed
676 368 753 428 laeta
776 369 900 438 securis
1002 393 1007 403 ’

157 452 215 514 Vos
239 452 312 512 milri
334 452 439 512 dicetis
462 453 599 522 lorsitan3
623 453 659 512 ad
682 451 761 531 quod
784 469 849 530 ego.
912 518 916 537 .
988 500 996 511 .

115 538 174 597 Pro
198 540 294 616 patria
319 554 453 616 pugnare
477 537 563 598 decet
585 555 772 616 regnumque
794 538 883 604 tueri,

158 621 265 682 Hostes
289 640 305 680 a
328 623 415 700 regni
438 620 550 700 pellere
572 623 630 682 fine
653 621 708 682 sui.
1053 633 1090 682 80

117 708 174 768 Fas
198 713 252 773 est,
276 714 309 765 ut
331 716 449 766 revocet
472 707 566 785 quivis
589 697 764 785 opprobria,¹
784 705 891 766 damna

158 789 294 851 Vindicet
316 798 345 850 et
368 789 479 851 bellum
503 809 569 852 sors
592 790 719 852 violenta
741 799 832 869 petat.

116 874 184 943 Sed,
208 876 251 935 sic
274 873 435 935 vindictam
459 874 533 935 mala
556 893 594 935 ne
617 874 729 954 majora
752 880 927 953 sequantur,

158 960 252 1019 Ferre
274 961 392 1019 minora
414 957 491 1029 volo,
515 978 552 1020 ne
574 960 710 1038 graviora
732 959 838 1019 leram.

116 1044 175 1104 Nos
197 1061 295 1123 neque
317 1062 372 1122 pro
387 1045 489 1122 'patria
512 1061 689 1123 pugnamus
713 1042 794 1103 nulla
818 1051 936 1104 tuemur
1051 1055 1088 1104 85

81 1203 85 1208 ἡ
158 1128 269 1206 Regna,
294 1145 349 1188 uec
372 1147 511 1189 arcemus
534 1129 650 1189 hostica
672 1129 756 1205 signa
778 1127 892 1208 procul.

116 1213 173 1273 llic
195 1231 307 1281 sumus,
330 1214 420 1293 inque
445 1215 537 1273 ricem
561 1231 615 1274 uos
638 1213 862 1274 commactando
884 1215 1011 1274 ierimus

159 1296 274 1357 lnsanis
297 1297 418 1366 similes,
444 1296 524 1358 nulla
547 1301 646 1376 quieta
670 1297 742 1357 dies.

118 1380 177 1442 Sed
200 1398 299 1459 ncquc
322 1398 381 1441 nox
405 1381 508 1442 didicit
530 1380 620 1442 ullam
645 1399 752 1460 parare
775 1383 917 1461 quietern.

159 1466 244 1525 illene
268 1464 419 1524 necandus
442 1485 502 1536 ero,
528 1475 614 1526 nocte
638 1467 757 1544 quietus
780 1467 850 1527 ero?
1054 1476 1091 1525 90

4 1569 8 1575 ’
116 1550 181 1611 Νοη
205 1548 363 1609 rationales
386 1548 523 1610 homines
546 1552 598 1619 sic,
624 1552 715 1609 immo
738 1550 873 1612 furentes

159 1634 198 1694 Se
221 1643 440 1693 consueverunt
462 1635 606 1695 dilaniare
630 1653 729 1715 canes.

117 1719 167 1779 Sic
189 1716 287 1796 iupus,
312 1724 340 1777 et
362 1725 467 1796 turpes
489 1721 602 1780 instant
625 1718 823 1779 morientibus
846 1721 909 1779 ursi
917 1739 924 1787 ;

158 1803 196 1862 Et
218 1819 414 1882 quaecunque
437 1805 537 1864 minor
559 1802 716 1865 nobilitate
739 1804 810 1863 lere.

118 1888 180 1948 lam
203 1888 297 1946 nostri
319 1888 439 1966 periere
462 1888 561 1958 duccS,
584 1889 701 1967 periere
725 1886 864 1958 Quirites,
1054 1897 1090 1947 95

160 1971 233 2042 Quis
255 1976 393 2031 numeret
416 1971 536 2041 validos,
561 1975 612 2051 qui
635 1971 780 2041 cecidere,
806 1972 916 2032 duces?

120 2055 246 2115 Causam
269 2057 423 2133 quaerenti
445 2059 593 2116 nescirem
617 2057 726 2124 dicere,
751 2074 844 2136 quare

158 2139 213 2199 Est
234 2139 318 2198 luror
340 2141 373 2198 in
397 2158 497 2213 cursu,
521 2144 573 2218 qui
594 2143 711 2201 ratione
734 2149 825 2201 caret.

120 2222 155 2282 Et
178 2223 248 2302 quid
272 2224 461 2301 perficimus?
485 2227 549 2284 sine
572 2226 672 2286 lructu
695 2225 817 2286 Graecia
839 2234 961 2304 pugnat,

161 2307 226 2368 Non
250 2326 306 2388 pro
329 2308 437 2369 lutaris
459 2309 559 2370 littora
584 2309 682 2370 bubus
705 2317 779 2369 arat.
1038 2319 1090 2368 100

9 2411 12 2419 ’
116 2393 254 2454 Forsitan
278 2395 308 2453 in
334 2393 466 2453 medium
489 2393 616 2454 Ledeam
639 2411 752 2472 ponere
776 2392 872 2463 vultis,

159 2477 301 2554 Turpiter
315 2481 359 2537 'ex
383 2478 497 2538 Graeca
520 2481 559 2538 sit
580 2479 647 2557 quia
670 2487 753 2556 rapta
778 2478 876 2538 domo.

117 2560 192 2631 Quid
216 2563 343 2622 miscere
363 2560 445 2639 jurat
468 2565 537 2631 iras,
562 2560 765 2649 Helenamque
789 2568 891 2621 tenere

162 2644 195 2704 ln
217 2646 325 2715 medio,
350 2655 453 2705 nostro
475 2649 514 2706 sit
535 2649 605 2727 quia
630 2655 723 2707 tracta
746 2645 821 2706 loco.

120 2728 170 2790 llla
194 2747 250 2789 nec
275 2738 318 2790 est
341 2738 444 2800 tracta,
468 2739 641 2810 meropia,
664 2732 716 2792 sed
740 2732 817 2791 hanc
840 2730 891 2791 ubi
913 2729 984 2790 vidit
1038 2740 1090 2790 105

160 2813 244 2875 Miles
267 2822 296 2873 et
318 2813 426 2881 allexit,
451 2824 558 2894 sponte
582 2822 683 2876 secuta
706 2817 772 2876 luit.

118 2897 252 2959 Ponatur
275 2905 358 2979 rapta
381 2899 461 2979 quod
484 2902 531 2969 sit,
554 2919 613 2961 non
637 2908 743 2979 sponte
766 2908 881 2970 secuta3

186 3085 227 3134 id.
244 3099 353 3148 margo:
375 3085 473 3149 quibus
492 3084 567 3144 dicit,
586 3085 659 3138 nolo.
712 3086 752 3135 te.
772 3080 866 3135 Giralt.
885 3083 1031 3134 Alexandr.
1049 3083 1090 3144 11,

116 3153 175 3202 358.
196 3153 238 3200 59.
275 3153 328 3200 Pro
347 3152 441 3216 patria
459 3157 535 3201 stare
555 3156 583 3202 et
600 3152 710 3217 patriae
729 3152 827 3215 titulis,
847 3158 875 3202 et
893 3152 997 3202 honore

273 3218 425 3283 Invigilare
446 3219 528 3269 decet

115 3285 157 3336 89.
178 3285 276 3335 melius
295 3291 417 3350 patrare.
483 3290 528 3337 -93,
548 3289 589 3336 94.
609 3286 659 3342 Ov,
678 3287 764 3336 Trist.
784 3286 835 3349 Ill,
855 3288 879 3348 5,
897 3288 939 3337 35.
959 3288 991 3336 36

217 3354 255 3404 At
273 3353 363 3419 lupus,
383 3359 410 3403 et
428 3359 522 3419 turpes
540 3355 647 3404 instant
665 3356 847 3421 morientibus
865 3355 923 3403 ursi
1030 3406 1033 3410 Α

252 3423 289 3471 Et
308 3436 487 3487 quaecunque
506 3422 594 3471 minor
611 3422 758 3473 nobilitate
777 3423 838 3472 iera
855 3427 906 3472 est.
