2378 3810
450 693 727 767 PRAEFATIO.

193 879 335 957 Magister
364 878 504 940 Albertus
533 879 697 940 monachus
712 841 840 941 ³ordinis
862 882 957 941 sancti
980 881 1074 941 Bene·

111 964 183 1026 dicii
209 983 226 1024 e
254 981 364 1042 genere
393 961 511 1042 plebejo
540 963 683 1024 oriundus
713 972 840 1024 exeunte
867 963 986 1025 saeculo
1008 971 1075 1044 post

108 1048 218 1111 Christ.
242 1055 301 1109 nat.
326 1046 379 1107 Xll
402 1049 433 1108 in
456 1047 614 1108 Germania
637 1046 863 1127 septentrionali
885 1048 999 1109 ridetur
1022 1066 1074 1109 na·

110 1142 161 1194 tus
183 1150 258 1193 esse.
303 1131 367 1203 Quo
391 1138 489 1196 tamen
511 1131 578 1203 loco
599 1130 705 1193 litteris
727 1131 914 1202 incubuerit,
938 1132 989 1194 ubi
1011 1151 1074 1193 ma·

107 1218 232 1297 gislerio
260 1223 383 1280 ornatus
410 1219 464 1287 sit,
493 1233 552 1277 non
580 1224 704 1278 constat.
750 1215 774 1276 E
803 1218 902 1295 sagaci
924 1216 997 1279 clari
1019 1219 1074 1277 riri
1175 1250 1180 1257 ·

107 1300 336 1380 Lappenbergii,
359 1317 440 1362 nune
458 1300 610 1370 defuncti,
639 1302 786 1362 sententia
809 1309 913 1362 noster
934 1300 1074 1362 aibertus

108 1387 250 1464 magister
282 1384 332 1446 ille
359 1384 497 1447 eilbertus
525 1385 562 1446 de
589 1384 708 1447 Ramslo
736 1384 853 1446 videtur
881 1385 990 1454 luisse,
1022 1386 1076 1465 qui

108 1472 188 1531 inter
203 1469 381 1530 Bremenses
404 1472 562 1532 canonicos
584 1471 614 1529 in
639 1470 740 1532 charta
760 1471 831 1530 anni
848 1466 932 1530 1224
945 1469 977 1530 d,
991 1470 1073 1530 lunii

107 1551 151 1616 23
173 1553 241 1615 data
271 1555 478 1633 „praepositus
500 1553 722 1616 llamsloensis“
752 1555 922 1615 nominatur
952 1562 982 1614 et
1004 1553 1074 1614 inde

111 1637 149 1699 ab
179 1655 256 1700 anno
281 1633 363 1698 1206
392 1639 524 1717 magistri
551 1636 638 1699 titulo
667 1656 726 1698 non
756 1637 872 1716 adjecto
896 1655 1076 1699 commemo·

110 1730 207 1783 ratur.
252 1723 424 1783 lionasterii
438 1731 558 1784 sanctae
573 1722 684 1782 Mariae
707 1720 860 1782 Stadeusis
881 1723 966 1801 prior
982 1722 1075 1782 lactus

109 1808 139 1867 in
171 1805 380 1885 christophori
410 1805 525 1868 abbatis
548 1825 572 1867 a.
596 1806 626 1867 d.
648 1804 679 1866 4.
701 1805 765 1868 Kal.
786 1807 860 1883 Aug.
892 1824 970 1866 anno
995 1800 1077 1866 1232

109 1890 241 1951 defuncti
263 1889 362 1951 locum
384 1892 527 1953 successit
554 1900 584 1952 et
606 1909 623 1950 a
644 1890 789 1953 Balduino
813 1889 952 1951 Livoniae
975 1889 1073 1967 legato

110 1974 264 2036 ordinatus
292 1983 347 2036 est.
392 1975 477 2036 Anno
507 1972 591 2036 1234
622 1977 734 2036 curiam
769 1974 932 2035 Romanam
965 1974 1076 2034 adiisse

111 2066 200 2139 atque
222 2060 351 2120 fratrum
373 2059 521 2120 minorum
545 2059 680 2120 ordinem
703 2060 860 2120 intravisse
882 2058 999 2136 ipsein
1023 2075 1075 2118 an·

109 2140 228 2204 nalibus
256 2142 292 2203 ad
322 2161 390 2204 ann.
423 2140 506 2205 1240
532 2151 651 2211 narrat,
683 2143 720 2204 de
747 2144 854 2204 itinere
881 2140 932 2201 illo
962 2148 1072 2210 tamen,

109 2226 190 2307 quod
211 2225 346 2289 nonnulli
368 2245 437 2289 eum
462 2245 540 2288 anno
564 2224 646 2289 1238
675 2245 744 2288 cum
765 2226 901 2305 Adelpho
924 2223 1075 2286 Hofsatiae

111 2313 219 2373 comite
248 2312 355 2372 fecisse
378 2328 438 2372 non
461 2310 664 2373 verisimiliter
685 2311 820 2381 tradunt,
849 2309 923 2371 nihil
946 2327 1075 2370 comnia·

111 2402 220 2457 morat.
263 2395 371 2457 lllunus
399 2395 514 2456 abbatis
542 2413 609 2456 ann.
641 2391 724 2456 1242
752 2395 892 2475 deposuit
920 2401 949 2454 et
982 2401 1077 2454 totum

111 2497 143 2541 se
166 2478 275 2540 litteris
297 2487 327 2540 et
354 2479 462 2542 studiis
489 2480 580 2542 dedit.
626 2479 668 2541 De
692 2487 787 2540 morte
816 2480 878 2546 eius
901 2476 976 2538 nihil
1000 2479 1075 2537 certi

111 2571 236 2634 constat,
261 2570 391 2624 attamen
414 2565 492 2625 eirca
515 2560 716 2625 anuos1264.
744 2560 825 2625 1265
848 2562 1013 2624 decessisse
1029 2562 1076 2622 af·
1118 2560 1120 2564 ’

110 2648 232 2708 firmare
253 2647 335 2709 licet.
908 2656 912 2662 ·

197 2731 279 2792 luter
313 2730 475 2792 annalislas
508 2731 597 2792 medii
631 2733 696 2792 aevi
732 2749 902 2812 quanquam
938 2728 1078 2790 filbertus

110 2821 213 2876 noster
236 2831 296 2875 uon
319 2816 454 2875 infimum
477 2815 576 2876 locum
599 2814 730 2886 obtinet,
755 2816 837 2896 ejuS,
861 2815 995 2894 quamvis
1017 2831 1078 2873 ma·

110 2917 206 2978 gnam-
223 2901 256 2960 in
278 2897 433 2960 annalibus
457 2901 661 2976 cognitionem
683 2907 817 2961 veterum
834 2907 990 2977 poetarum
1005 2915 1078 2974 prae

111 3001 143 3044 se
169 2982 303 3052 ferentis,
328 2983 455 3044 facultas
476 2987 596 3062 poetica
617 2983 739 3060 longum
762 3003 817 3063 per
839 2991 958 3061 tempus
980 2982 1080 3059 ignota

110 3066 207 3128 latuit.
252 3065 340 3129 Nunc
363 3067 481 3128 demum
505 3085 573 3128 eum
596 3067 724 3128 duorum
747 3068 911 3130 carminum
928 3073 1078 3127 auctorem

112 3167 179 3212 esse
202 3144 322 3219 scimus,
348 3168 417 3212 nam
440 3158 560 3230 praeter
581 3150 727 3222 Troilum,
751 3153 788 3214 de
810 3171 869 3232 quo
892 3169 961 3211 mox
983 3147 1079 3229 plura,

111 3237 142 3296 in
158 3236 283 3312 antiquo
300 3234 434 3313 catalogo
451 3235 651 3298 bibliothecae
668 3236 966 3302 Bordeslrolmiensis,
991 3250 1085 3309 quem

112 3315 197 3381 1850
219 3327 322 3380 nostro
350 3317 441 3380 libro:
470 3317 790 3391 „Bibliotheliarisclie
811 3315 1111 3384 liutermaituneen.
