2378 3810
233 141 236 145 ’
321 202 324 206 ,
426 142 488 192 uro,
505 143 542 194 11.
578 161 604 196 v.
622 147 765 198 eoa-eoo.

157 299 309 362 Invehitur
332 296 431 362 medio
454 300 563 380 puppis
584 299 708 362 honesta
732 299 802 362 salo.

114 387 210 448 Nauta
232 384 412 445 Philoctetes
434 386 472 446 sit
494 385 531 444 de
554 385 721 464 potioribus
743 404 829 454 unus,

158 469 212 531 Cui
235 469 290 530 fuit
311 472 343 530 iu
366 468 489 549 reliquis
511 468 580 547 plus
601 472 648 529 via
672 477 739 530 nota
763 473 865 530 marie.

114 559 354 632 Argonautarum
376 557 478 615 socius
500 554 556 613 luit
578 552 628 614 bic
651 553 749 623 bomo,
776 573 903 634 quocum
1031 565 1081 615 295

156 636 321 718 Phryxeam
344 639 431 715 petiit
454 637 549 698 Pelias
572 637 661 699 arbor
683 656 777 704 ovem.

115 723 253 799 Undique
276 721 341 784 vela
364 722 471 791 volant,
495 721 583 800 longa
606 723 732 783 statione
754 723 857 784 videre

132 817 137 824 ’·
157 808 215 867 Per
236 805 336 885 pelagi
358 806 460 868 solitas
484 807 528 867 sol
551 807 729 887 prohibetur
752 826 854 887 aquas.

116 890 219 952 Velant
240 890 304 952 reia
327 910 419 967 mare,
443 909 525 952 mare
549 901 641 952 tntrrm
665 909 755 952 cerne
776 890 885 966 volare,

157 974 264 1037 Dividit
285 974 416 1037 undosas
438 994 560 1055 spumea
584 994 672 1054 prora
696 978 766 1037 vias.
1027 987 1080 1036 300
1136 1022 1138 1027 .

115 1061 227 1121 Pontus
248 1067 339 1140 ponte
363 1069 445 1121 caret
467 1059 541 1120 mihi
565 1059 676 1129 dicunt,
699 1060 749 1121 bic
772 1078 827 1138 ego
849 1069 973 1140 pontum

160 1145 265 1205 Verius
287 1163 303 1204 a
326 1145 419 1205 multo
442 1144 540 1205 dicere
562 1152 654 1225 ponte
677 1162 764 1223 queo.

116 1229 228 1290 Pontus
252 1231 340 1298 cuim,
364 1237 462 1290 textus
484 1230 552 1306 quia
576 1228 719 1306 pontibus
742 1237 795 1299 cst,
818 1228 870 1289 ubi
893 1230 1005 1292 classes

157 1312 313 1374 Pontifices
335 1321 452 1391 pontus
466 1313 564 1390 pontis
588 1313 624 1374 00
646 1315 740 1374 instar
762 1313 860 1374 habet.

115 1397 278 1475 lmperium
302 1406 427 1476 tangunt
447 1398 570 1468 Priami,
594 1399 718 1459 munitio
742 1398 886 1477 quaedam
1028 1407 1078 1458 305

157 1481 208 1542 Est
230 1481 282 1550 ibi,
306 1500 395 1560 quam
419 1499 486 1542 rara
510 1482 631 1543 dextera
654 1485 745 1543 iactat
768 1484 859 1542 liumi

114 1558 169 1628 liic
192 1583 295 1628 versus
318 1566 459 1628 Tenedon
483 1566 660 1645 procedunt,
685 1568 823 1648 quicquid
847 1566 957 1629 ibidem

158 1648 222 1711 vivi
244 1652 409 1729 reperiunt,
433 1655 541 1711 mortis
564 1650 599 1711 ad
623 1670 691 1712 arva
715 1652 848 1714 trabunt

115 1733 260 1796 Praedam
283 1737 410 1814 partitur
433 1737 636 1813 Agamemnon
659 1735 818 1815 habetque,
843 1742 945 1797 vocato

156 1819 290 1897 Agmine,
314 1819 351 1879 de
373 1817 444 1881 belli
466 1819 589 1901 provida
612 1819 701 1879 verba
725 1828 813 1880 statu.
1026 1830 1078 1880 310

114 1900 209 1964 Vultis
230 1912 263 1964 ut
285 1904 320 1964 ad
345 1904 496 1965 Priamum
519 1906 652 1964 mittatur
675 1907 814 1973 nuncius,
838 1906 944 1984 iuquit,

157 1985 318 2058 Quaerens,
342 1988 412 2067 quid
435 1989 512 2056 iecit,
537 1989 562 2048 si
584 1991 699 2049 variare
722 1988 801 2050 velit.

114 2070 250 2132 Reddere
273 2071 335 2133 vult
356 2069 509 2141 Helenam,
532 2074 571 2134 sit
593 2072 703 2134 bellum
726 2092 800 2154 pace
822 2072 988 2153 sepultum;

95 2174 98 2179 ⁴
157 2155 189 2216 Si
212 2158 318 2227 minus,
342 2159 373 2217 in
396 2156 501 2235 gladiis
523 2158 733 2236 aggrediamur
755 2177 833 2218 eum.

113 2238 225 2301 Forsan
248 2250 310 2301 tum
332 2240 430 2301 medio
453 2244 552 2321 posuit
575 2244 648 2303 deus
670 2243 769 2303 omnia
793 2262 908 2323 campo,
1029 2252 1079 2302 315
1184 2272 1186 2282 ·

156 2322 272 2386 Sentiet
292 2327 384 2387 iratos
406 2327 514 2393 Troica
537 2325 645 2404 praeda
669 2327 751 2388 deos.

113 2409 156 2469 Ad
180 2409 333 2470 Priamum
356 2412 439 2472 missi
462 2410 620 2473 lliomedes
641 2418 711 2472 suut
733 2419 763 2471 et
785 2409 883 2470 Ulixes

155 2492 249 2555 Ambo
272 2494 402 2564 facundi,
425 2495 506 2556 ferre
529 2495 651 2556 ierenda
673 2493 771 2575 probi.

123 2639 298 2696 Aeflanus
316 2641 363 2695 ET
382 2642 567 2697 TELEPHUS
585 2640 803 2697 MITTUNTUR
819 2642 859 2696 IN
876 2642 1062 2714 MYSIAMJJ

114 2749 146 2810 lu
172 2746 292 2826 lipsiam
318 2748 480 2826 Telephum
504 2748 612 2809 direxit
634 2767 686 2808 rex
710 2757 740 2808 et
760 2746 903 2809 Achillem

155 2833 259 2901 Urere,
282 2832 429 2909 praedari,
453 2833 582 2893 subdere
606 2840 713 2893 cuncta
736 2834 812 2892 neci.
987 2868 988 2873 κ
1027 2840 1079 2890 auu

111 2969 314 2978 .——-—-—-·-—-·

179 3035 238 3085 293.
267 3033 437 3084 Philoctetes
460 3049 475 3083 0
493 3035 596 3085 Dorete
618 3049 668 3098 000
687 3031 746 3084 000.
765 3031 947 3083 Philocteres.
1017 3035 1076 3086 294.

112 3107 259 3154 nautarum
279 3116 314 3150 ex
331 3101 455 3166 margine
473 3116 523 3166 000
541 3101 601 3151 000.
619 3105 771 3155 nautatum,
840 3102 900 3152 296.
923 3099 1017 3152 Ovidii
1036 3105 1079 3152 est

109 3169 224 3222 Heroid.
243 3169 308 3231 XII,
325 3170 352 3220 8.
421 3170 480 3220 398.
499 3185 534 3218 ex
551 3170 673 3234 margine
692 3184 741 3232 pro
759 3168 869 3218 sasitos
939 3170 997 3222 306.
1014 3183 1079 3219 raro

113 3253 147 3288 ex
165 3236 291 3301 margine
310 3251 360 3318 000
378 3241 449 3295 rata,
468 3235 541 3300 quod
560 3234 790 3301 significatione,
794 3234 898 3294 ‚firme“
915 3242 1009 3316 aptum
1027 3235 1078 3286 000

110 3309 201 3355 metro
219 3301 327 3369 (riti)
318 3303 515 3355 inconvenieus
534 3309 616 3354 esset.
686 3305 745 3355 313.
763 3272 821 3356 000.
839 3303 964 3354 Reddere
981 3318 1006 3352 s1
997 3303 1078 3353 vult

110 3371 249 3424 Helenam
262 3376 316 3426 etc,
350 3373 409 3422 310.
421 3370 688 3425 LuceniestPhers
699 3371 760 3434 VII,
771 3373 829 3422 348.
866 3358 925 3421 319.
936 3370 1076 3420 Moesiam.

178 3437 204 3502 ⁸)
225 3437 357 3504 Mysiam,
375 3453 444 3502 noo,
464 3437 536 3503 quod
554 3438 641 3489 codex
659 3443 688 3488 et
705 3437 794 3489 Dares
813 3438 916 3489 hebent
934 3437 1083 3498 Moesiam,

161 3527 255 3570 Troilus.
872 3524 893 3572 A
