2378 3810
446 698 740 772 HILDEBERTI

264 862 433 929 VERSUS
455 863 516 928 DE
538 863 719 930 Exotero
743 864 919 929 TROIAE.

111 1053 235 1123 Divitiis,
258 1069 363 1131 regno,
386 1055 496 1132 specie,
520 1055 636 1122 virtute,
659 1053 831 1132 triumphis,

152 1137 216 1198 Rex
238 1136 375 1197 Priamus
397 1137 476 1197 ciara
499 1136 596 1199 clarus
618 1139 648 1197 in
672 1137 747 1197 urbe
769 1140 835 1198 tuit.

110 1221 185 1282 Itum
208 1239 270 1290 rex,
295 1221 364 1280 dum
387 1239 537 1300 proceres,
560 1221 630 1281 dum
653 1230 768 1282 starent
790 1223 932 1300 Pergama
955 1223 1054 1301 Traja,

52 1325 56 1331 ·
153 1304 233 1376 Quae
256 1307 356 1375 decus,
381 1313 410 1364 ct
432 1308 545 1385 species
569 1315 598 1367 et
620 1314 710 1385 caput
731 1305 814 1368 orbis
836 1317 909 1368 erat.

110 1387 171 1450 Rex
194 1389 347 1452 Hecubam
371 1390 456 1451 duxit
477 1393 587 1452 sociem
610 1391 667 1452 sibi
689 1391 852 1462 nobilitate,
1058 1403 1073 1450 5

151 1476 307 1554 Auspiciis,
331 1475 436 1544 forma,
461 1475 563 1545 rebus,
586 1495 687 1536 amere
710 1485 806 1538 trono.

109 1557 153 1618 Ex
176 1559 231 1619 hac
254 1561 384 1638 suscepit
406 1568 503 1620 natos.
543 1560 615 1619 Erat
636 1560 747 1620 Hector
768 1564 799 1620 in
823 1560 882 1621 tttts

152 1642 302 1711 Summus,
327 1645 409 1703 etin
433 1642 512 1704 hello
534 1642 669 1704 fulminis
692 1646 785 1704 instar
807 1643 930 1706 habens.

112 1725 184 1789 Pius
205 1729 288 1789 ierus
310 1725 359 1788 ille
382 1728 456 1798 tero,
479 1727 546 1808 plus
570 1746 649 1797 urso,
673 1729 776 1806 plusve
798 1729 901 1806 lcone3

154 1812 203 1872 Sic
225 1813 282 1873 iuit
303 1811 415 1892 absque
438 1813 501 1874 iere
524 1812 592 1890 plus
615 1813 694 1872 serus
717 1812 766 1874 itte
790 1815 873 1874 teris.
1041 1824 1073 1871 10

111 1896 136 1957 0
158 1898 285 1957 faustum
311 1898 402 1958 natis!
425 1917 443 1957 ο
467 1898 593 1958 faustum
617 1896 743 1975 conjuge
765 1899 880 1975 regern!
1112 1901 1115 1907 “

151 1981 183 2040 Si
205 1982 318 2061 pariter
339 1981 476 2043 Paridem
500 1999 559 2042 non
582 1984 748 2061 peperisset
769 1985 807 2043 ei.
856 1999 864 2011 ‘
943 1978 948 1987 ’

109 2064 174 2125 Nun
198 2068 229 2127 in
252 2085 289 2127 eo
311 2069 428 2147 peperit
449 2070 568 2147 pignus,
593 2068 644 2129 sed
667 2067 735 2137 tela,
758 2068 809 2129 sed
832 2067 925 2145 ignes,

154 2150 212 2211 Sed
236 2151 303 2221 sibi,
327 2152 382 2212 sed¹
400 2150 530 2221 Priamo,
554 2153 606 2213 sed
629 2153 705 2213 maia
729 2163 836 2214 cuncta
860 2154 930 2213 suis.

108 2232 172 2295 Huc
188 2245 282 2315 pater,
297 2236 354 2296 hoc
369 2239 508 2312 genitrix,
524 2235 581 2296 hoc
596 2238 721 2296 fratrum
737 2247 841 2296 coetus
856 2244 886 2295 et
900 2235 1022 2308 Heetpr,
1041 2245 1072 2293 15

151 2318 214 2380 Hoc
237 2322 324 2382 etiarn
347 2323 434 2396 regni
456 2319 550 2396 gloria
572 2318 661 2398 Troia
684 2318 773 2380 cadit.

108 2403 195 2463 Hunc
218 2402 354 2464 Paridem
377 2403 509 2480 paritura
533 2420 642 2482 parens
664 2421 719 2480 per
741 2403 852 2464 somnia
877 2401 961 2473 ridit;

152 2485 228 2545 Vidit
249 2496 304 2566 pre
327 2503 421 2563 puero
443 2505 475 2548 se
498 2489 650 2566 peperisse
673 2485 778 2548 facem.

108 2570 185 2630 lium
208 2589 260 2632 rex
282 2573 314 2632 in
337 2572 422 2647 signo
444 2579 515 2632 tunc
536 2573 611 2649 signi
635 2572 772 2651 percipit,
796 2570 899 2633 horret

152 2654 235 2725 Quod
259 2664 343 2733 parat
364 2659 396 2716 in
419 2659 525 2736 pignus
549 2657 658 2736 impius
681 2675 745 2718 esse
768 2657 842 2736 pice.
1039 2666 1074 2713 au

108 2739 182 2799 Nam
205 2757 332 2818 puerum
356 2747 457 2801 natum
481 2759 537 2819 pro
557 2739 642 2818 jussu
663 2743 744 2818 regis
766 2743 797 2801 in
820 2740 900 2801 idam

152 2823 236 2884 Serri
257 2822 393 2884 tollentes
417 2842 487 2886 ense
508 2842 617 2885 necare
639 2835 754 2903 parant.
890 2834 897 2845 ’

108 2906 166 2966 Sed
190 2924 265 2986 puer
287 2908 453 2987 adspiciens
475 2925 578 2968 ensem
600 2908 718 2968 radiare
741 2925 908 2978 coruscum,

151 2991 272 3052 Arridet
293 2991 390 3068 gladio
412 2995 532 3053 nescius
554 3011 626 3054 ense
648 2995 748 3072 necis;

109 3074 192 3145 Quod
216 3093 412 3157 percussurus
434 3094 561 3137 cernens
584 3094 637 3136 cor
658 3075 759 3144 flectit,
784 3084 814 3135 et
835 3076 925 3135 ictum
1038 3083 1072 3132 25

151 3159 188 3220 Et
209 3162 293 3222 ierus
316 3168 346 3222 et
367 3162 478 3221 feriens
500 3157 612 3222 desinit
634 3179 699 3221 esse
721 3159 819 3220 simui.

109 3241 171 3302 Sub
196 3243 274 3306 sotiis
295 3246 390 3305 virum
415 3243 530 3324 linquit,
555 3263 641 3325 quem
665 3252 767 3324 pastor
789 3243 935 3304 oberrans

150 3328 275 3399 invenit,
300 3339 332 3394 ut
354 3329 429 3391 toliis
452 3348 548 3410 nuper
570 3332 694 3408 opertus
717 3337 789 3390 erat.
