2378 3810
157 141 201 207 50
474 141 536 192 ura.
555 141 593 194 11.
627 156 653 194 v,
672 142 816 193 321-352.
913 122 918 129 ’

158 295 221 359 Rex
242 291 392 354 Teuthras
414 293 546 352 occurrit
567 293 621 366 eis,
644 292 776 352 accurrit
797 290 937 363 Achilles,
1010 362 1013 368 Ι

203 377 281 439 ludit
304 386 333 438 et
354 375 463 438 illustri
486 375 608 436 vulnera
631 376 694 435 dira
718 374 796 436 duci.
912 426 915 431 .

158 463 216 523 Sed
240 460 390 540 Telephus
413 458 518 540 clypeo
541 461 599 520 uisi
621 462 800 537 protexisset
822 458 961 531 eundem,

200 548 277 607 Huic
299 563 370 607 reor
393 552 560 604 extremum
583 546 642 605 lata
665 543 783 605 dedisse
807 543 902 612 diem:

158 629 290 711 Cumque
314 631 359 690 rei
382 627 450 689 talis
473 646 590 689 causam
614 635 778 689 scrutasset
800 626 929 688 Achilles
1079 639 1131 689 326

201 718 223 776 h
247 713 381 793 Telepho
404 713 508 774 doctus
531 730 584 772 ore
607 713 638 797 lit
660 712 731 773 inde
753 711 847 772 brevi.

159 800 290 861 Contulit
312 798 474 874 hospitium
498 796 572 856 mihi
593 797 753 873 Teuthras,
776 814 843 857 oum
866 814 942 876 puer
965 808 1074 880 essem,

200 883 247 943 hic
270 892 357 961 pater
379 881 416 941 ad
439 897 532 957 regua
555 883 677 941 miserat
699 878 748 941 illa
771 897 867 952 meus;
951 896 954 903 ’

156 967 284 1043 lusuper
306 984 323 1026 a
345 983 417 1043 rege
440 965 590 1045 quondam
612 965 756 1025 Diomede
778 965 919 1048 subactus

199 1052 250 1111 Sic
273 1057 346 1118 erat,
371 1057 404 1109 ut
424 1052 511 1125 regui
533 1049 674 1129 perderet
696 1067 766 1110 arva
789 1051 844 1110 sui.
1077 1060 1130 1110 330

155 1138 192 1196 dt
214 1154 298 1195 meus
320 1136 419 1194 occiso
440 1144 527 1214 pater
548 1134 634 1195 illum
656 1133 765 1194 liberat
787 1134 873 1194 hoste

204 1218 309 1280 Omnia
332 1221 494 1279 restituens
516 1216 642 1296 perdita,
665 1237 740 1297 paee
763 1217 845 1284 data:

156 1303 219 1364 lios
243 1322 276 1362 ea
299 1320 347 1361 me
369 1319 470 1378 regem
494 1302 598 1381 clypeo
621 1321 741 1363 servare
764 1302 870 1380 coegit,

202 1389 325 1464 Accepti
347 1403 495 1447 memores
517 1403 571 1446 nos
593 1387 680 1447 decet
702 1405 767 1448 esse
789 1385 872 1448 honi.

156 1471 283 1531 Saucius
306 1469 341 1531 ad
365 1476 491 1529 mortem
514 1470 662 1532 Teuthras
686 1469 737 1531 uhi
758 1472 904 1551 comperit
924 1471 1003 1533 istud
1076 1482 1128 1531 335

201 1557 303 1615 Accito
325 1553 458 1632 Telepho
482 1553 590 1614 debilis
613 1557 673 1615 exit
695 1556 723 1615 in
746 1555 819 1616 hoc:

158 1638 191 1698 ln
214 1656 308 1715 reguo
329 1655 457 1715 regnare
480 1657 547 1698 meo
570 1641 748 1700 fortissimus
771 1639 842 1699 olim

201 1722 247 1783 Me
270 1730 339 1783 tuus
361 1730 391 1782 et
416 1731 507 1782 tutum
531 1725 603 1784 lecit
625 1724 660 1784 ab
683 1723 768 1784 hoste
791 1732 886 1801 pater.

159 1807 257 1868 Gratia
281 1825 337 1885 pro
359 1806 451 1867 rebus
473 1809 580 1867 merito
603 1807 728 1868 debetur
749 1805 871 1868 inemtls

201 1891 237 1952 Et
259 1890 334 1951 nihil
356 1893 471 1968 ingrato
494 1891 581 1970 pejus
604 1890 715 1952 hahere
737 1900 845 1971 potest.
1072 1903 1127 1952 340

155 1975 293 2036 Nondum
318 1977 480 2051 promerui,
504 1978 555 2036 sed
579 1994 658 2038 nuuc
680 1994 734 2056 per
756 1995 843 2055 posse
865 1975 1014 2048 merebor,

198 2058 362 2119 haeredem
386 2062 472 2136 regni
495 2068 524 2119 te
547 2061 692 2137 reputabo
715 2063 783 2121 mai.

153 2145 274 2220 Accipe,
299 2160 377 2220 pone
401 2152 452 2203 tuo
474 2145 573 2221 capiti,
597 2164 684 2224 qoam
707 2154 803 2225 porto,
829 2163 983 2215 coronam3

197 2226 320 2303 Statque
343 2226 398 2287 suh
423 2229 549 2305 imperio
571 2232 665 2307 patria
689 2238 748 2290 tota
771 2236 832 2291 tuo.

154 2310 233 2370 Dixit
256 2319 286 2371 ct
307 2312 429 2371 inmites
452 2312 533 2374 iilum
557 2332 666 2393 rupere
689 2333 808 2375 sorores

198 2396 236 2456 Et
259 2394 352 2456 subiit
374 2394 524 2476 Telephus
546 2397 701 2477 imperiale
723 2399 824 2464 decus,
877 2457 884 2472 ,

150 2479 213 2540 Rex
236 2497 329 2540 novus
354 2482 487 2542 exanime
510 2483 640 2543 condivit
662 2493 794 2544 aromate
817 2500 925 2562 corpus

195 2563 232 2622 Et
253 2582 358 2641 regum
381 2584 464 2626 more
486 2569 600 2627 lunaris
623 2571 685 2644 egit
707 2587 791 2646 opus.

152 2646 230 2707 Huic
253 2650 295 2708 ait
315 2648 473 2710 Aeacides:
498 2668 516 2709 o
539 2670 591 2711 rex
613 2653 734 2713 fortuna
756 2651 857 2730 beavit

195 2732 236 2791 Te
260 2734 367 2792 merito
390 2732 485 2803 donis,
509 2738 640 2813 praemia
663 2737 751 2815 digua
774 2739 862 2815 geris.
1069 2749 1124 2798 350

151 2814 212 2875 Nec
234 2817 400 2877 fortunatus
423 2835 456 2878 es
478 2820 568 2889 solus,
592 2821 698 2883 llorica
722 2829 818 2882 tecum

192 2900 255 2961 Hac
277 2910 419 2978 poterunt
442 2912 536 2963 castra
560 2908 757 2983 prosperitate
781 2908 852 2966 lrui.

151 3100 215 3134 nem
232 3085 372 3137 Teuthras
391 3087 446 3137 fuit
464 3103 512 3136 rex
531 3088 638 3150 Mysiae
657 3104 711 3139 non
728 3091 862 3141 Moesiae.
898 3091 1004 3142 Dahae
1017 3091 1121 3145 forma:

147 3151 254 3202 Moesia
275 3153 326 3203 cfr.
344 3153 482 3205 Dederich
502 3154 537 3203 ad
554 3156 630 3206 Diet.
649 3158 685 3211 Il.
705 3160 718 3206 1
739 3158 809 3208 obas.

217 3221 277 3273 321.
297 3220 362 3276 Cod,
380 3222 513 3276 Teucras.
591 3224 649 3274 327.
669 3223 734 3276 (lod.
752 3225 881 3275 Teucrus.
951 3227 1009 3281 334.
1028 3226 1120 3281 Arion.

146 3287 245 3342 Nevel,
264 3302 290 3352 p.
310 3290 367 3338 514.
386 3288 433 3344 lin,
452 3291 468 3340 ὃ
487 3289 523 3339 ab
541 3289 623 3340 infra.
693 3293 751 3346 336.
775 3309 789 3343 e
808 3293 945 3357 margine:
965 3293 1036 3345 exit:
1055 3310 1122 3360 pro:

150 3353 257 3417 ‚‚dixit“
315 3357 373 3408 339.
391 3357 486 3407 Ovidii
504 3356 662 3420 cathmi,
681 3359 723 3421 10,
742 3361 783 3414 ta.
853 3362 911 3419 347,
939 3362 967 3410 iu
992 3363 1121 3428 margine

149 3421 287 3474 scholion:
306 3422 452 3488 Telephus.
525 3426 583 3476 349.
611 3425 677 3477 huie
703 3442 752 3493 pro
779 3428 843 3478 hiis.
