2378 3810
546 84 551 108 1

419 147 480 197 nra.
499 146 546 197 vr.
574 162 600 198 v.
620 146 763 197 ace-aee.
1013 126 1074 206 191

70 300 73 304 ’
110 301 183 361 Cum
206 297 319 359 luerint
342 315 432 358 unum
455 315 516 356 non
539 314 632 358 unum
656 297 777 357 fulmina
801 303 924 368 terrent,

152 382 283 444 Verbera
306 400 365 443 non
388 388 499 450 nostra,
523 388 624 441 nostra
646 389 751 460 putare
774 380 863 442 salus.
1025 391 1077 440 870

108 469 141 529 ln
164 469 279 528 iuream
301 481 406 530 cuncta
430 466 509 526 cadit
532 464 715 535 excellentia,
738 485 843 545 poena,

153 551 261 622 Gloria,
284 548 424 631 planities
446 567 534 610 omne
556 567 700 610 cacumen
723 549 822 612 hahet.

108 637 213 698 Inclita
236 634 327 713 Troja
349 635 417 702 ruit,
440 634 562 712 vestigia
585 634 665 695 nulla
689 635 802 706 videtis,

151 722 184 782 lu
208 720 334 782 nihilum
356 720 455 790 rediit,
479 720 557 799 quod
580 718 653 779 nihil
677 728 745 782 ante
768 720 833 781 luit.

111 807 215 884 Reges,
240 803 348 883 regalis
371 805 530 883 opulentia,
554 803 634 865 natio
657 804 743 866 bellis

152 890 283 967 Turgida
306 890 456 968 pomposis
477 897 509 948 ut
531 890 657 965 periere,
681 892 767 951 cinis.

109 975 173 1045 Nec
193 974 284 1052 gladii
306 977 399 1035 l'urias
421 976 513 1034 erasit
535 973 675 1054 Pyrrhus,
699 974 820 1050 Orestes

65 1069 69 1076 ’
152 1057 223 1137 Ejus
246 1058 284 1119 nb
307 1058 498 1119 Hermionam
521 1059 664 1118 terminat
687 1076 759 1119 ense
783 1059 871 1119 diem.

111 1143 280 1205 Perloditur
303 1143 410 1220 gladiis
432 1143 632 1220 Agamemnon
657 1145 780 1222 etipse,
804 1161 860 1204 nec
883 1142 960 1203 ullus

153 1227 308 1288 Extremus
331 1229 411 1288 sicco
434 1226 558 1304 contigit
580 1243 632 1288 ore
655 1243 754 1304 rogos.
1027 1235 1078 1283 880

110 1482 154 1542 Ad
176 1499 319 1559 generum
343 1481 460 1543 Cereris
481 1484 545 1543 sine
568 1482 659 1544 caede
682 1491 713 1544 et
734 1483 878 1561 sanguiue
902 1484 990 1562 pauci

98 1565 303 1628 >Descendunt
325 1583 412 1645 reges
435 1575 464 1627 et
485 1570 564 1628 sicca
587 1575 684 1628 morte
706 1571 836 1647 tyranni.

111 1651 171 1712 llos
193 1651 282 1711 homo
306 1668 359 1729 per
382 1653 523 1728 strepitus
545 1653 665 1731 impone
687 1652 805 1712 silentia
828 1652 921 1721 cerni,

154 1735 198 1797 Sit
220 1735 297 1796 hene
319 1736 435 1796 vivendi
457 1753 507 1796 res
531 1752 565 1796 ea
587 1736 684 1796 lorma
705 1734 767 1795 tihi.

112 1820 166 1888 Tu.
191 1823 242 1900 qui
264 1819 406 1881 sublimes
429 1821 546 1882 conaris
568 1821 712 1880 scandere
734 1828 842 1888 turres,
1028 1826 1077 1875 888

153 1905 195 1966 'le
218 1902 301 1984 lapsu
324 1905 422 1966 suhito
445 1906 663 1985 praecipitante
685 1922 766 1965 rues.

113 1989 208 2051 Crede
230 1988 314 2055 mihi,
339 1989 417 2050 hene
439 1992 464 2050 si
485 1988 591 2060 latitas,
617 1988 694 2050 bene
718 1990 788 2049 viris
811 1997 841 2049 et
862 1989 939 2048 inira

154 2076 317 2135 Fortunam
341 2074 433 2136 debes
456 2079 549 2156 usque
572 2092 694 2136 manere
717 2082 807 2143 tuam,

112 2158 165 2228 Ne,
189 2177 256 2220 cum
280 2159 358 2220 forte
380 2177 449 2222 suas
471 2162 629 2241 repetitum
654 2161 769 2222 venerit
790 2159 859 2220 olim

156 2243 217 2304 Rex
242 2245 339 2305 avium
361 2245 484 2324 plumas,
507 2245 686 2307 ridiculosus
708 2263 768 2307 eas.
1027 2251 1079 2300 899

112 2431 171 2481 868.
209 2427 287 2478 Sena.
318 2427 448 2477 Fulmina
478 2444 538 2478 cum
567 2443 650 2478 unum
679 2428 759 2490 luen,
788 2441 842 2476 non
865 2441 949 2475 tinum
967 2431 1077 2476 terrent.

113 2498 172 2548 869.
191 2508 294 2557 margo.
314 2493 391 2544 selus
410 2499 462 2544 est.
541 2497 600 2549 818.
623 2510 730 2560 mergor
757 2492 829 2544 ullus
849 2509 949 2546 eorum.
1019 2495 1079 2545 880.

113 2566 178 2612 anta
190 2561 265 2611 hunc
277 2575 383 2612 versum
402 2560 515 2624 legitur:
535 2577 590 2613 non
608 2567 673 2613 sunt
691 2562 724 2613 de
743 2567 831 2624 textu,
851 2566 879 2610 88
891 2577 985 2627 margo
998 2576 1077 2626 prae·

112 2631 159 2680 bet
177 2644 251 2692 „non
269 2636 381 2693 propter
398 2626 509 2692 Trojam
527 2630 598 2680 hanc
618 2632 754 2697 assumpsi
773 2625 930 2695 materiam,
950 2629 999 2680 sed
1017 2644 1078 2695 pro·

112 2704 154 2748 ter
172 2695 244 2762 quod
262 2711 334 2745 nune
353 2696 427 2748 dice:
446 2698 509 2757 „Tu
527 2699 575 2763 qui
591 2698 723 2749 sublimes
742 2695 817 2749 etc.“

167 2766 239 2815 888.
258 2764 301 2815 86.
321 2763 372 2815 Or.
390 2765 475 2816 Trist.
494 2766 545 2827 111,
562 2767 589 2828 4,
608 2769 649 2817 86.
668 2768 701 2815 26

213 2831 301 2881 Crede
320 2832 398 2890 mihi3
419 2832 490 2884 bene
510 2835 557 2898 qui
574 2833 664 2897 latuit,
684 2830 754 2884 bene
772 2834 858 2883 vixit:
879 2837 907 2882 et
926 2834 999 2882 intra

247 2901 397 2949 Fortunam
416 2898 500 2956 debet
518 2901 633 2965 quisque
650 2915 759 2952 manere
779 2915 865 2950 suam.

180 2969 238 3018 889.
258 2967 384 3016 aaaron
405 2966 472 3020 Ood.
492 2969 538 3017 161
559 2967 689 3018 Scholion
706 2969 802 3019 hebet:
820 2967 881 3016 Rex
899 2967 991 3017 avium
1009 2982 1078 3031 pen-

112 3050 163 3085 nas
182 3041 235 3088 ete.
271 3031 346 3084 Aves
364 3033 467 3084 Christi
489 3040 553 3084 sunt
574 3033 683 3094 fideles,
711 3049 802 3100 penna
825 3033 939 3084 virtutis
962 3034 997 3083 ad
1015 3049 1078 3084 coe·

112 3103 196 3154 lestia
215 3117 244 3153 88
263 3103 399 3154 levantes.
435 3103 495 3151 Rex
517 3101 608 3151 avium
632 3106 723 3150 autem
742 3100 866 3151 Christus
890 3104 945 3162 888,
972 3101 1006 3150 de
1025 3115 1077 3166 quo

112 3171 263 3221 Psalmiste
276 3165 327 3219 ait:
346 3184 417 3219 unua
429 3170 499 3234 regit
510 3184 552 3219 me
571 3169 690 3233 etipse,
709 3168 832 3222 Christe!
852 3168 912 3218 sine
929 3183 973 3217 me
991 3166 1078 3218 nichil

112 3240 217 3297 poteria
236 3239 339 3291 faeere.
374 3238 451 3287 Idem
469 3252 517 3287 rex
535 3236 626 3287 avium
645 3237 745 3302 plumis
764 3237 890 3286 8818888
910 3235 995 3299 tegit,
1014 3234 1078 3284 dum

113 3305 171 3356 8818
188 3305 327 3356 benefieiis
345 3319 394 3355 nos
412 3305 500 3354 nutrit
544 3303 621 3356 Unde
648 3305 771 3370 loquitur
798 3303 830 3352 de
852 3301 985 3367 ingratis:
1014 3315 1079 3366 quo-

112 3374 183 3424 tiens
201 3373 275 3423 volui
294 3386 391 3435 cogere
410 3372 460 3423 sub
481 3371 533 3422 ulis
552 3377 580 3422 et
598 3389 653 3423 non
671 3379 723 3425 ete.
759 3374 817 3422 Iste
830 3386 876 3421 rex
889 3370 961 3433 olim,
982 3369 1077 3434 idest,

112 3442 141 3489 in
159 3447 279 3491 extremo
301 3442 424 3490 examine
447 3456 509 3491 enm
531 3441 638 3490 venerit
661 3440 689 3490 in
713 3439 859 3504 majestate
878 3453 944 3505 888,
969 3436 1079 3505 plumas
1114 3501 1116 3505 Ι
