2378 3810
143 49 217 151 ¹noo

151 244 230 303 uum
256 243 335 303 videt
350 244 430 304 hunc
445 261 559 312 sanum,
583 243 653 304 dum
670 244 775 311 vivum,
800 242 930 320 dumque
949 243 1104 304 decentem

196 326 340 396 Extrahit,
365 327 524 405 adspectat,
549 327 649 396 nutrit,
673 326 803 406 adoptat,
825 327 926 388 habet.
1085 338 1121 386 30

154 411 212 481 Qut
234 408 363 491 pastoris
378 431 455 473 >oves
474 420 576 490 pastor
598 411 668 471 dum
691 413 785 491 pascit
807 411 940 472 adultus:

197 497 381 558 Conveniunt
402 497 439 557 ad
462 515 529 558 eum
553 496 641 566 Jnno,
664 495 802 564 Minerva,
827 496 934 556 Venus.

156 582 301 642 Iudicium
326 581 442 641 Paridis
464 599 540 662 quae
563 583 600 641 sit
623 579 824 659 pulcherrima
846 587 1004 660 quaerunt,

200 665 379 726 Promittant
401 668 491 726 etiam
514 682 637 726 munera
661 684 795 744 quaeque
818 683 880 724 sua.
1001 677 1004 680 ·

155 751 234 821 Juno
258 747 365 815 decus:
388 749 485 811 Pallas
508 751 599 819 vires;
624 749 766 828 Cytherea
790 748 931 828 pucilam:
1059 755 1117 806 '35

198 834 256 894 Sed
279 835 387 894 Veneri
411 833 516 895 tribuit
537 836 667 904 vincere,
691 837 786 894 victus
808 853 852 895 ea.

156 919 217 980 Rex
240 917 398 998 aliquando
422 918 524 979 videns
546 918 625 978 hunc
648 918 746 991 talem,
772 926 830 978 tam
853 917 1030 998 speciosum,

199 1003 272 1064 Tam
295 1021 415 1082 quoqne
437 1003 632 1071 consimilem,
656 1004 789 1082 concipit
811 1020 877 1062 esse
898 1018 994 1061 suum.

156 1087 289 1167 Remque
312 1088 443 1165 probans
466 1106 565 1148 veram
588 1105 642 1166 per
664 1105 766 1148 servos
789 1105 857 1146 vera
880 1087 1007 1155 fatentes

199 1173 356 1233 Germanis
378 1172 514 1233 Paridem
536 1171 637 1232 reddit
658 1171 771 1232 honore
795 1189 907 1250 parem.
1090 1178 1124 1226 to

159 1257 271 1318 [tuctus
293 1274 396 1318 amore
417 1265 512 1335 pater,
536 1254 581 1316 vel
604 1257 706 1317 matris
728 1257 841 1316 somnia
865 1255 945 1316 ducit

200 1340 289 1408 Vana,
314 1339 358 1400 vel
381 1342 412 1401 in
436 1339 541 1401 melius
562 1348 679 1400 vertere
701 1356 769 1401 vera
793 1341 902 1401 studet.
997 1364 999 1368 ’

159 1426 206 1485 Sic
229 1441 327 1503 neque
350 1424 516 1493 consitium,
542 1442 719 1503 coqueret,
743 1442 840 1504 neque
862 1428 945 1504 regia
967 1423 1071 1491 virtus,

200 1509 260 1569 Nec
283 1512 395 1586 superi,
419 1527 473 1569 nec
497 1508 595 1578 homo,
620 1516 736 1580 vertere
760 1509 818 1568 tata
841 1511 948 1572 valent.

158 1593 216 1655 Sed
240 1593 356 1655 laudata
380 1594 476 1654 Venus
499 1593 615 1672 culpam
637 1611 693 1672 pro
716 1593 805 1653 laudo
827 1594 1012 1673 rependens:
1090 1600 1124 1648 45

202 1677 286 1738 Hunc
309 1686 418 1747 monet,
441 1678 521 1740 hunc
543 1680 634 1756 augit,
657 1678 738 1738 hunc
760 1686 873 1738 cremat
894 1681 964 1756 igne
986 1693 1073 1740 novo.

158 1762 255 1833 Quint
277 1763 361 1823 Pari!
384 1764 453 1839 quid
477 1769 573 1823 mutas
594 1763 707 1841 pariter
730 1781 798 1823 cnm
821 1762 911 1823 corde
934 1758 1087 1823 colorem?

201 1847 251 1907 Sic
275 1853 342 1916 stat,
365 1849 408 1907 sic
431 1848 571 1926 loquitur,
595 1850 638 1907 sic
661 1846 821 1909 meditatur
844 1865 955 1908 amans.

157 1932 199 1991 Te
223 1930 347 1992 Veneris
370 1933 514 2010 promissa
537 1938 666 2001 movent,
690 1930 881 2009 Helenaeque
904 1938 1051 1998 venustae,

201 2015 296 2084 Quam
318 2033 374 2092 pro
397 2015 485 2076 laude
506 2014 561 2076 tibi
583 2016 635 2075 sed
659 2017 723 2074 siue
746 2014 833 2075 laude
856 2015 948 2076 dabit.
1090 2023 1125 2071 50

159 2099 201 2158 'ie
218 2101 316 2159 movit
338 2106 367 2160 et
389 2102 504 2177 species
527 2108 555 2159 et
578 2117 651 2178 apex
676 2106 706 2160 et
727 2101 858 2177 sanguis,
882 2107 912 2160 et
933 2108 1023 2166 aetas,

203 2183 263 2243 Neo
286 2191 393 2253 moret,
415 2184 506 2244 immo
528 2183 615 2260 ligat3
640 2201 694 2243 nec
716 2184 797 2259 ligat,
820 2186 911 2245 immo
935 2182 1036 2245 trahit.

159 2268 242 2328 Hanc
263 2269 365 2345 cupis,
387 2268 463 2328 hanc
485 2267 587 2337 ardes,
610 2269 686 2328 itanc
710 2286 832 2346 prorsus
854 2270 972 2347 quaeris
995 2265 1124 2327 habere:

201 2352 295 2422 Quam
317 2353 374 2421 ier,
399 2372 485 2432 quam
508 2352 611 2422 Danai,
635 2371 724 2432 quam
747 2352 802 2413 tibi
824 2355 883 2414 iata
906 2359 1024 2429 negant.

161 2437 221 2497 Cur
243 2435 401 2515 conjuncta
424 2440 489 2497 viro
511 2436 639 2497 mulier?
662 2454 716 2497 cur
738 2439 820 2514 regia
843 2437 989 2515 conjuxt'
1092 2445 1127 2493 55

203 2520 262 2581 Cur
285 2523 387 2598 ignota
411 2521 485 2581 tuis?
508 2539 561 2582 cur
584 2519 638 2581 tibi
661 2522 774 2582 Graeca
796 2520 910 2600 piacet?

160 2607 219 2668 Cur
241 2621 301 2663 non
323 2611 406 2682 grata
430 2604 485 2666 tibi
507 2607 606 2683 potius
629 2605 820 2683 virguncula?
843 2623 898 2666 cur
920 2621 981 2664 non

184 2689 269 2768 ⁴Ipsa
291 2690 398 2762 Venus,
423 2707 499 2769 quae
522 2701 550 2750 te
569 2689 670 2773 judice
691 2688 813 2768 pulchra
837 2689 912 2750 tuit?

161 2775 219 2835 Cur
242 2775 285 2833 sic
306 2773 471 2851 degeneras
492 2782 573 2835 totns
594 2782 753 2852 generatus
774 2776 805 2834 in
828 2773 937 2835 armis?

204 2857 247 2918 Ne
268 2857 319 2917 sio'
334 2858 512 2936 degenerem
536 2858 674 2919 Hectoris
697 2868 759 2919 esto
782 2876 907 2919 memor.
1095 2867 1129 2916 oo

161 2943 267 3003 Nonne
290 2944 381 3004 miser
403 2953 524 3020 reputas
547 2943 735 3004 miserabile?
759 2960 858 3004 norme
880 2942 1040 3024 pudorem:

204 3026 244 3086 Te
268 3026 362 3086 solnm
385 3026 517 3095 Veneris,
542 3027 669 3088 Palladis
692 3046 756 3088 esse
780 3028 867 3089 tuos?

161 3111 253 3171 Cedat
276 3111 373 3171 moltis
395 3131 478 3172 amor
501 3115 613 3190 patriae
637 3113 752 3172 virtutis
774 3130 885 3176 amore.

204 3195 383 3256 Hectoreum
407 3197 528 3257 fratrem
552 3199 690 3257 nonnisi
715 3196 772 3256 teia
794 3196 909 3256 decent.

144 3280 241 3357 'Ergo
265 3297 393 3359 sequens
415 3283 531 3342 artimos
553 3282 678 3341 animosi
702 3282 803 3341 fratris
826 3291 855 3341 et
877 3299 972 3340 orma:
1096 3290 1131 3338 65

206 3364 293 3432 Ouod
315 3367 400 3444 cupit
422 3364 492 3426 iilud
517 3384 590 3435 ama,
615 3365 693 3445 quod
717 3367 789 3426 iacit
811 3364 882 3425 iiiud
906 3383 969 3442 age.
