2378 3810
107 153 148 216 63
422 154 484 208 nte,
503 154 540 203 11.
575 171 601 209 v.
619 155 762 221 ectsseoo.

184 301 277 369 Hice
296 299 404 354 PARIS
427 299 711 422 TRAIglffilUfiER
733 303 863 358 cemus
887 303 1000 360 cliton

108 474 232 550 Strages
255 476 370 534 interea
392 474 425 533 fit
446 474 583 542 maxima,
607 474 685 534 nulla
709 476 843 554 prolecto

151 557 217 618 Otia
241 557 291 618 dat
314 556 402 624 bello,
425 559 517 617 saevit
538 557 648 637 ubique
671 576 785 619 mucro.

108 642 191 702 Alter
213 641 361 702 Homerus
384 659 436 700 ero
457 641 504 702 vel
527 640 630 702 eodem
653 641 748 720 major
769 643 899 704 Homero

152 726 183 785 Si
204 724 261 785 tibi
283 725 466 786 subnumero
488 742 614 804 corpora
637 734 728 788 strata
750 726 843 788 lerro.

108 808 232 870 Advolat
253 811 285 869 in
309 809 445 870 Paridem
469 808 628 875 Menelaus,
652 818 682 872 at
704 809 755 871 ille
777 807 939 892 resumptis
1025 821 1076 871 825

154 892 275 954 Viribus
298 892 426 962 obsistit,
451 909 522 952 acer
542 901 670 971 uterque
691 894 755 954 luit.

111 979 309 1046 Concurrunt,
333 977 499 1053 stridetque
521 994 626 1038 mucro
648 995 793 1040 mucrone
816 996 942 1039 corusco

152 1060 262 1140 Virque
283 1063 341 1122 viri
363 1063 441 1121 vires
463 1061 632 1122 inleriendo
654 1061 771 1141 probat.

110 1148 245 1222 Cumque
268 1145 351 1206 Paule
372 1153 465 1206 totum
489 1163 521 1206 se
544 1145 653 1224 colligit
674 1149 706 1207 in
729 1144 893 1207 Menelaum

152 1229 209 1290 Per
232 1229 329 1289 lemur
351 1229 456 1289 ellecto
478 1229 602 1290 vulnere
624 1230 687 1307 figit
708 1227 799 1291 eum.¹
1025 1239 1077 1289 830

111 1315 218 1376 dorius
240 1311 370 1373 instabat
392 1329 507 1372 memor
529 1314 691 1390 impietatis
713 1314 830 1374 Atrides

153 1396 189 1456 Et
212 1397 315 1456 stricto
337 1397 456 1473 gravius
478 1399 585 1475 inpetit
607 1416 678 1458 ense
699 1399 806 1458 virum.

110 1479 221 1540 lctibus
244 1481 410 1540 innumeris
432 1480 550 1540 tandem
574 1481 744 1560 compulsus
766 1482 882 1543 adulter
947 1499 949 1503 ’

153 1563 275 1623 inchoat
296 1566 444 1626 incestum
466 1574 548 1624 retro
570 1565 685 1626 referre
706 1565 829 1646 pedem:
1010 1639 1013 1647 β

114 1645 208 1716 Quem
231 1649 368 1727 sequitur
388 1647 486 1725 rigido
508 1649 658 1710 Menelaus
678 1652 708 1709 in
731 1654 847 1728 agmine
870 1650 960 1718 lerro,
1025 1659 1076 1708 8³5

154 1730 236 1792 Illius
259 1733 359 1793 enisus
382 1749 453 1792 ense
476 1750 578 1794 secere
600 1742 696 1812 caput.

113 1818 149 1877 tt
170 1834 223 1876 sue
247 1834 306 1876 non
330 1833 448 1895 semper
462 1818 604 1897 sequitur
626 1817 788 1896 primordia
812 1819 893 1886 linis:

153 1899 234 1961 Orbe
256 1901 289 1961 cr
310 1919 381 1960 ense
405 1917 509 1961 manus
530 1901 630 1961 caedis
652 1920 739 1961 avara
763 1904 862 1962 nimis.

117 1983 182 2044 Non
204 1984 273 2043 ideo
291 1982 439 2061 juvenem,
463 1988 597 2063 quamvis
620 2003 724 2045 mucro
746 1984 845 2064 lapsus
868 1985 990 2054 abisset,

153 2066 275 2135 Desinit,
299 2073 452 2144 arreptum
475 2069 556 2129 crine
579 2086 633 2147 per
655 2087 721 2129 arva
746 2069 845 2130 trahit.
1025 2077 1077 2128 840

111 2151 188 2211 Huic
211 2159 276 2210 eret
298 2149 428 2228 adjutrix
450 2149 547 2229 djacis
570 2153 690 2213 dextera
714 2151 810 2222 Locri,

149 2235 253 2295 durea
276 2237 422 2295 caesaries
444 2235 650 2313 pulverulenta
671 2237 758 2314 jacet.

112 2319 273 2380 clausisset
293 2318 408 2380 Paridis
431 2318 531 2379 oculos
553 2318 602 2379 lux
625 2320 737 2388 ultima,
760 2321 786 2380 si
808 2337 867 2380 non

154 2403 265 2463 Hector
288 2405 316 2464 ei
338 2401 465 2464 celerem
490 2406 690 2465 continuasset
713 2421 810 2484 opem.
846 2436 862 2467 ι

112 2487 227 2546 Aeneas
249 2485 353 2564 clypeo
375 2488 451 2564 tegit
471 2487 564 2555 illum,
588 2487 694 2547 deinde
716 2487 843 2548 levatum
1026 2495 1078 2544 545

156 2569 231 2629 llion
254 2570 379 2640 inducit,
402 2570 459 2630 hoc
481 2571 557 2631 duce
579 2579 661 2632 tutus
683 2569 753 2636 altit.

113 2652 276 2713 Cernentes
299 2652 416 2730 reliqui,
440 2655 519 2734 quod
542 2654 584 2714 sol
607 2655 777 2716 traheretur
800 2654 837 2716 ad
860 2653 962 2722 undas,

157 2738 261 2798 Acrius
283 2755 366 2799 arma
388 2748 517 2808 movent,
539 2757 578 2800 ne
599 2738 768 2818 pigritando
791 2745 904 2800 vacent.
940 2745 945 2758 ‘

114 2821 179 2881 Nox
201 2821 286 2899 nigra
309 2829 410 2883 caecet
432 2823 566 2892 humum,
590 2841 736 2902 opescens
757 2825 863 2884 lunere
886 2819 998 2882 bellum

155 2905 220 2967 Non
243 2914 384 2985 repetunt
405 2905 509 2967 solitos
531 2924 657 2984 corpora
681 2914 772 2968 strata
795 2908 888 2969 locos.
1027 2913 1079 2964 850

182 3088 208 3151 ⁸)
239 3089 378 3141 Proelium
407 3090 458 3141 hoc
491 3092 579 3140 nostri
609 3090 775 3141 simillimum
802 3089 1001 3156 Epitometorie
1027 3093 1080 3142 eet.

113 3157 165 3208 280
191 3169 250 3221 sqq.
306 3159 365 3208 823.
384 3157 463 3207 Exid.
482 3155 594 3219 Trojon.
612 3159 676 3209 235:

183 3223 242 3274 827.
262 3239 296 3274 ex
313 3225 437 3289 margine
455 3238 518 3289 pro:
537 3223 637 3274 studet.
656 3224 808 3289 Epitomet.
824 3224 875 3274 tte

217 3289 377 3355 conjungit,
396 3290 494 3340 stridet
511 3305 602 3341 mucro
620 3306 749 3342 mucrone
765 3305 891 3342 corusco.

114 3361 174 3413 837.
192 3358 294 3408 Similis
313 3357 392 3408 Ovid.
411 3357 487 3408 locus
505 3357 571 3408 Met.
589 3357 642 3410 vn
665 3360 727 3413 ets.

216 3423 324 3475 Flebile
342 3424 507 3490 principium
524 3424 620 3476 melior
636 3395 748 3478 fortuna
765 3429 862 3478 secute
879 3430 931 3475 eet.
