2378 3810
389 152 522 202 Laeva
558 168 584 201 v.
603 153 746 202 aer-ere.
992 151 1050 213 181

86 303 221 365 Gaudeat
241 306 374 364 Antenor
396 300 487 364 simili
509 303 608 362 ridere
633 303 741 380 quiete,

134 388 186 448 liis
209 405 326 468 quoque
349 405 494 466 personae
517 389 704 465 proximitate
727 388 821 447 datae.

87 473 243 534 Consentit
265 471 392 550 populus
416 481 444 531 et.
467 473 518 540 eis,
543 474 592 550 qui
616 474 694 549 regis
717 471 754 532 ab
777 489 829 530 ore

133 556 273 634 Expressi
295 558 423 625 lucrant,
447 559 545 616 omnia
569 554 646 616 salva
670 563 806 623 manent;

84 639 122 700 Et
145 659 205 700 non
229 643 378 720 expressis
402 649 524 708 tantum,
548 641 598 700 sed
622 648 651 699 et
673 640 810 700 omnibus
834 639 890 715 bis,
914 640 963 718 qni
1003 649 1052 696 tao

128 724 291 804 Participes
313 724 402 804 liujus
426 724 597 785 traditionis
620 732 713 784 crant.

255 871 410 940 [GRATES
428 871 475 924 ET
493 871 630 926 Peuces
648 870 877 939 amandolus]

82 978 216 1038 Antenor
238 979 349 1055 surgit;
373 985 406 1038 ut
428 977 508 1037 landi
533 980 617 1056 copia
641 978 736 1042 detur.

124 1059 285 1128 Obsecrat;
310 1061 365 1122 bac
389 1070 484 1122 sumta
507 1062 717 1121 convenienter
740 1062 794 1120 ait:

81 1147 187 1208 Grates
210 1145 396 1225 Grajugenae
419 1154 571 1221 gratanter
594 1145 686 1205 reddo
707 1145 846 1224 juventae

121 1229 180 1290 Pro
203 1228 279 1290 bene
303 1238 428 1299 serrata,
453 1247 541 1310 quarn
565 1231 716 1309 pepigere,
740 1228 808 1288 tide.

81 1313 213 1394 Corpora
237 1321 336 1374 nostra
360 1315 481 1393 quidem
505 1314 596 1374 rebus
619 1321 688 1373 sunt
709 1317 823 1391 integra
847 1311 942 1381 salvis,

124 1399 186 1460 Nec
208 1401 310 1459 nocuit
332 1402 441 1459 nostris
463 1397 523 1460 ulla
546 1397 678 1478 procella
701 1400 792 1458 necis.

80 1483 105 1544 0
127 1485 197 1544 rex!
220 1483 368 1562 incapite
393 1482 471 1551 belli,
495 1495 567 1543 eum'
584 1482 661 1543 bella
684 1485 792 1554 sitiret,

120 1567 157 1626 Et
179 1566 263 1627 daret
286 1575 419 1627 extentas
441 1567 531 1647 Troja
555 1567 684 1647 superba
708 1569 812 1636 minae,

80 1651 146 1713 Non
169 1652 253 1721 ierat,
277 1653 328 1712 sed
351 1652 447 1712 iturus
470 1660 534 1712 erat
555 1670 719 1730 navemque
743 1650 878 1712 struebat

121 1735 282 1797 intendens
305 1735 413 1796 Danais
437 1735 542 1795 damna
565 1752 671 1814 parare
694 1735 788 1795 Paris.

78 1819 139 1881 Res
163 1838 195 1880 ea
219 1818 369 1899 displicuit
391 1818 514 1887 Heleno,
538 1819 699 1897 retulitque
722 1820 854 1878 luturum

120 1905 256 1982 Remigio
279 1902 330 1966 tali
352 1904 481 1965 'lroibus
505 1903 668 1974 excidtnm;

77 1989 135 2049 Hic
157 1989 245 2048 etiam
267 1984 352 2050 reddi
376 2007 485 2068 eorpus
507 1990 655 2067 persuasit
676 1985 809 2054 Achillis,

120 2070 297 2132 intumulata
321 2071 425 2132 dolens
448 2071 581 2132 membra
602 2071 703 2151 jacere
727 2071 820 2131 ducis.

80 2156 119 2217 Et
140 2158 239 2216 tuerat
261 2157 422 2217 Cassandra
448 2158 525 2216 malo
548 2159 697 2218 contraria
720 2164 818 2217 vestro

120 2241 184 2300 Hoc
207 2258 287 2305 casu,
311 2259 411 2300 casum
436 2242 624 2301 vaticinando
647 2240 807 2318 Phrygum.

79 2323 174 2384 lmmo
197 2322 343 2384 clamabat
364 2326 529 2394 manifeste,
553 2323 640 2403 Troja
664 2324 790 2383 tenenda

120 2408 204 2481 Quod
228 2409 305 2467 loret
327 2411 427 2477 exitio,
451 2413 476 2469 si
500 2409 583 2469 Paris
603 2411 661 2468 iret
684 2426 729 2468 eo.

77 2488 223 2572 Quicquid
247 2492 390 2570 agebatur
411 2495 491 2555 inter
514 2493 676 2571 primordia
701 2491 779 2562 belli,

119 2575 172 2638 1113
194 2575 361 2642 recusabat,
385 2595 460 2656 quae
484 2578 568 2637 Paris
591 2577 651 2654 egit
673 2579 729 2654 agi,

77 2659 111 2720 ln
134 2668 266 2728 tantum;
291 2661 368 2738 quod
391 2680 456 2721 earn
480 2671 564 2740 pater
587 2669 651 2721 atro
674 2678 795 2721 carcere
818 2660 930 2734 clausit,

120 2743 181 2806 Nec
203 2745 305 2818 tacuit,
328 2764 431 2824 pacem
455 2764 574 2823 semper
596 2747 626 2806 in
650 2764 701 2806 ore
725 2747 800 2806 tulit.

77 2827 231 2890 Concedas
251 2830 341 2906 igitur
364 2829 411 2890 liis
433 2828 572 2890 libertate
595 2832 697 2909 potiri,

118 2911 155 2972 Et
177 2922 225 2975 tua
248 2931 304 2992 pro
326 2916 445 2974 meritis
466 2917 561 2992 gratia
585 2914 679 2991 prosit
701 2916 755 2974 eis.

77 2994 140 3056 Rex
164 2997 201 3058 de
223 2995 531 3074 consilioconsentit,
556 3000 657 3078 eisque
681 2996 797 3058 duobus

117 3078 252 3144 Libertas
276 3083 373 3152 etiarn,
398 3101 431 3142 re
453 3083 607 3152 redeunte,
631 3080 716 3142 redit.

22 3212 26 3221 .
77 3163 181 3226 Evadit
203 3184 322 3247 quoque
343 3186 397 3246 per
420 3166 563 3228 Helenum
586 3169 688 3244 regina
710 3172 882 3244 precantem

117 3249 249 3320 Hecuba,
272 3253 394 3329 reginae
414 3249 550 3329 jungitur
571 3249 786 3312 Andromache.

82 3378 273 3389 ’,α-*-

144 3433 202 3488 587.
223 3434 283 3490 cod.
303 3433 435 3486 Athenon.
504 3436 563 3488 597.
583 3436 644 3486 cod.
663 3434 779 3489 Heleno.
