2378 3810
108 122 150 187 52
425 123 488 175 cn.
507 122 542 175 11.
579 138 603 178 v.
621 123 766 174 esc-41⁶.

157 276 293 338 Dedecus
317 284 347 337 et
369 274 509 337 damnum
532 292 591 335 nou
615 274 766 335 toleranda
790 273 858 336 libi:
1032 287 1085 338 385

116 362 176 424 Cur
199 370 257 420 laur
282 359 432 428 dedecori,
455 378 543 438 quam
567 359 685 438 damno,
708 377 784 436 quae
807 361 931 422 Graecia
954 360 1047 424 nobis

155 446 335 513 Promserat‚
359 442 477 505 illudis?
520 443 600 505 llaec
623 443 682 503 duo
704 443 793 504 Troia
816 444 891 507 tulit.

108 528 215 592 Nonne
237 538 353 608 patrem
376 537 512 589 nostrum
536 529 650 590 Graeco
672 529 731 588 scis
754 547 819 589 esse
840 531 1035 608 peremtum?

149 614 303 693 Hesyonae
327 620 443 690 raptum
467 613 639 692 servitiique
659 613 781 690 jugum?

108 698 166 769 Qui
188 697 391 776 spoliaverunt
412 697 490 757 hauc
512 697 627 767 urbem,
652 713 751 757 nonne
773 696 907 776 Pelasgi?
1029 709 1083 758 390

156 782 214 853 Qui
237 783 452 858 confregerunt
474 783 600 850 moenia,
623 798 723 841 nonne
746 782 807 842 tui?

112 866 176 928 Hoc
199 885 237 927 ne
260 874 455 945 praeteream,
480 866 614 944 potuitne
637 867 730 926 victor
752 865 835 926 abire

151 951 292 1011 Pluribus
315 952 431 1011 amissis
453 968 506 1010 rex
530 960 605 1018 tuus,
629 951 719 1010 immo
743 950 826 1030 capii

108 1034 234 1113 Saepius
257 1035 423 1116 Hesyonem
447 1033 560 1096 frustra
582 1035 791 1113 repetivimus;
814 1042 844 1096 at
866 1042 897 1095 lu
937 1032 943 1040 ’

150 1119 220 1180 llioo
244 1122 287 1181 ris
309 1120 453 1181 Helenam
476 1128 506 1180 te
528 1122 674 1198 repetisse
697 1128 786 1180 tuam.
1029 1130 1082 1182 396

109 1204 150 1266 lle
175 1212 270 1265 vestra
293 1206 376 1265 oanis
399 1203 447 1264 hic
468 1203 543 1265 mihi
566 1203 685 1283 praeda,
709 1200 829 1264 succine
852 1210 985 1265 nostram

59 1330 61 1339 .
153 1288 287 1359 Quando,
311 1288 420 1367 quibus
442 1287 488 1348 vel
510 1288 561 1348 uhi
583 1289 760 1349 restituistis
782 1288 866 1348 eaml

111 1375 246 1433 Antenor
269 1373 378 1432 missus
401 1390 417 1431 a
441 1370 527 1432 nobis
549 1390 603 1450 pro
626 1371 788 1450 repetenda

151 1454 228 1525 Ouid
252 1455 319 1516 tulit
341 1456 495 1534 Hesyonei
533 1455 687 1518 Scandala.
727 1456 830 1517 Scisne
852 1455 948 1516 bene?

108 1539 220 1601 Retulit
241 1539 292 1600 ille
315 1539 399 1610 nihil,
423 1548 630 1620 praeterquam
654 1540 711 1601 tela
734 1543 896 1608 minarum;
1026 1551 1081 1602 400

152 1623 365 1703 Praeterquam
388 1624 499 1705 probra
522 1626 625 1686 retulit
646 1625 695 1686 ille
718 1625 800 1686 nihil.

108 1707 197 1769 Nune
219 1708 362 1770 Helenam
386 1711 497 1788 repetis
520 1718 550 1770 et
572 1711 615 1769 ris
638 1709 727 1769 ulad
750 1711 848 1769 omnia
871 1707 984 1770 nullam

153 1792 266 1856 Oiieral
287 1794 443 1855 emendam
468 1795 600 1869 Graecia,
623 1793 713 1873 'froja
736 1811 865 1872 gravem.
1016 1797 1017 1800 ’

111 1877 307 1940 Reddidimus
330 1878 435 1954 simile,
460 1897 510 1938 vos
533 1877 699 1957 Hesyonem
722 1879 872 1955 rapuistis,

151 1961 211 2022 Nos
235 1963 393 2030 Helenam;
416 1965 570 2042 proprium
592 1961 716 2041 pertulit
737 1972 842 2023 auctor
864 1979 947 2041 opus.
1023 1974 1078 2022 405

108 2045 189 2123 Lege
212 2054 263 2107 tua
287 2049 407 2125 pateris,
431 2064 487 2107 uec
509 2049 589 2107 euim
611 2045 659 2106 lex
682 2049 806 2126 aequior
830 2044 903 2114 ulla;

154 2129 248 2199 Quam
271 2134 354 2190 necis
378 2131 507 2190 artifices
530 2141 593 2190 arte
615 2133 716 2211 perire
739 2148 801 2191 sua.

112 2214 144 2274 Si
167 2224 196 2274 te
219 2216 381 2276 conllceret
402 2212 529 2293 simplex
551 2212 670 2293 injuria,
694 2214 775 2275 nullo

153 2299 356 2360 Praecedente
379 2299 467 2370 malo,
490 2317 550 2378 quo
572 2308 709 2378 paterere
731 2300 839 2361 modol

109 2384 200 2448 Audis
222 2384 259 2444 ab
283 2384 351 2444 inde
374 2386 477 2451 minas,
501 2393 530 2444 el
552 2383 654 2444 stulte!
678 2383 735 2453 dic,
759 2402 829 2460 age:
853 2381 973 2455 collum,
1025 2392 1079 2443 410

154 2469 187 2529 Si
209 2468 285 2539 volo,
309 2487 368 2529 non
390 2468 473 2530 valeo
496 2470 616 2546 cingere
639 2477 719 2528 reste
743 2469 843 2528 tuum?

109 2552 276 2614 Verborum
300 2553 415 2632 depone
438 2554 527 2622 laros,
551 2554 625 2613 haec
646 2553 744 2612 littora
767 2552 880 2631 linque,

153 2639 306 2715 Spernunl
328 2637 481 2713 Argolicos
502 2637 603 2697 limina
627 2646 726 2698 nostra
749 2636 852 2714 pedes.

111 2723 142 2782 Si
165 2739 268 2799 pacem
292 2721 410 2790 leceris,
434 2722 482 2780 hic
504 2722 663 2782 invenietis
685 2729 715 2782 et
736 2723 845 2801 ipsam;

151 2807 182 2866 Si
205 2805 328 2884 gladios,
351 2805 466 2883 gladios
487 2808 645 2885 reperietis
666 2807 747 2866 item.
1026 2814 1078 2864 415

107 2946 158 2952 ...-
164 2944 288 2951 -....-..,.-..
293 2943 311 2949 .-

175 3010 233 3062 387.
264 3007 329 3058 eod.
348 3006 447 3061 illusit.
532 3009 591 3058 402.
621 3024 670 3073 pro
689 3007 748 3061 eod.
766 3007 851 3057 nullo.
936 3008 994 3057 403.
1015 3006 1076 3060 cod.

108 3091 230 3141 grauem.
299 3077 359 3126 406.
378 3077 401 3128 l.
422 3073 504 3126 Ovid.
523 3074 575 3124 Ars
592 3091 645 3128 em.
662 3075 684 3136 1,
701 3076 761 3125 655.
779 3076 812 3125 56

174 3142 273 3192 Justus
290 3147 407 3207 uterque
424 3142 488 3202 fuit,
505 3156 597 3206 neque
616 3143 688 3191 enim
707 3142 753 3193 lex
771 3143 886 3207 aequior
902 3141 963 3192 ulla

211 3209 299 3270 Quam
316 3211 394 3259 neeis
412 3208 535 3259 artifices
553 3215 613 3258 erle
631 3211 721 3275 perire
740 3225 799 3260 sue.

106 3281 166 3330 407.
194 3293 227 3328 ex
247 3275 348 3326 Ovidio
368 3281 396 3326 el
412 3277 538 3340 margine
554 3291 604 3341 pro
622 3277 746 3327 artificis.
814 3279 874 3328 409.
895 3276 946 3330 Or.
964 3276 1078 3328 Heroid.

107 3346 209 3405 xv111.
228 3347 270 3396 44.
289 3359 341 3409 quo
362 3349 420 3408 pol.
439 3344 509 3398 mod.
595 3347 654 3398 410.
678 3345 744 3395 Cod.
764 3345 849 3395 addit
929 3346 989 3396 415.
1008 3343 1076 3399 (lod.

107 3412 226 3478 gladios,
246 3412 362 3478 glodios.
