2378 3810
154 175 213 239 128
509 175 569 228 niu.
588 177 635 231 1v.
661 192 687 233 v.
707 179 849 233 ree-cm.

152 330 246 400 Quam
271 328 344 389 ditat
368 346 495 406 gemma,
520 329 642 391 decorat
664 329 824 408 sculptura,
848 337 948 393 tacere

197 414 239 474 De
261 412 340 474 fulvo
364 422 495 474 mustum
520 430 587 475 vase
610 421 738 491 gerente
754 412 831 474 uolo.
858 464 859 468 ,

152 499 217 560 Ηοο
241 515 356 577 quoque
380 497 522 568 transilio,
547 498 625 577 quod
649 496 726 558 bella
749 496 909 560 monilibus
931 502 1005 578 ipsis

194 583 420 660 Aequiparativa
442 600 497 660 pro
519 583 646 662 paritate
668 589 761 662 parat.

152 665 263 727 Taedia
286 684 323 726 ne
346 666 469 746 pariam,
493 665 678 747 praeclaram
703 673 823 728 transeo
845 668 957 738 vittam,

196 751 276 821 Quae
299 753 409 829 premit
432 753 581 829 egregiam
605 769 660 811 ceu
684 750 826 812 diadema
840 769 964 817 comam.

155 836 254 896 Aurea
277 835 424 895 caesaries
446 833 501 896 sub
524 837 594 895 vitta
618 834 691 895 colla
713 843 858 914 pererrat,

193 919 333 996 Litigium
357 920 449 979 crinis
472 919 550 980 fulva
570 919 701 980 refrenat
724 937 804 980 acus.

151 1003 204 1064 Est
227 1011 256 1063 et
277 1004 308 1063 in
330 1004 450 1064 incessu
473 1022 545 1083 pars
567 1020 626 1064 nou
650 1011 797 1065 contemta
821 1003 947 1076 decoris,

196 1087 341 1158 Observat
365 1087 494 1148 medium
517 1087 737 1167 progrediendo
760 1088 894 1166 gradum.

152 1172 226 1233 Cum
249 1171 335 1241 ridet,
359 1171 435 1231 ridet
458 1180 554 1233 autern
578 1190 633 1252 pro
656 1179 798 1252 tempore,
822 1174 901 1234 ridet

196 1260 234 1320 Ut
256 1273 388 1316 summos
411 1257 515 1316 dentes
536 1258 596 1317 ima
617 1256 724 1318 labella
747 1264 857 1334 tegant.

154 1341 203 1402 Sic
225 1341 318 1410 sedet,
342 1342 386 1400 sic
409 1341 487 1401 culta
510 1342 576 1410 luit,
599 1343 643 1400 sic
664 1343 788 1402 stamina
811 1343 889 1402 nevit

196 1423 325 1485 Candida
350 1441 416 1483 cum
439 1425 526 1484 sociis
549 1424 736 1486 Penthesilea
760 1427 830 1490 suis.

34 1504 41 1513 ¹
152 1510 286 1571 Militiam
308 1509 405 1568 forma
428 1510 470 1568 sic
493 1516 580 1570 ornat
601 1508 717 1578 florida,
740 1511 865 1583 formam

194 1593 297 1654 Inclita
323 1591 433 1662 militia,
458 1593 678 1673 compoliuntur
693 1596 750 1653 ita.
852 1640 854 1644 .

152 1678 241 1746 Haec,
266 1678 334 1757 quia
356 1677 447 1738 multa
471 1677 527 1738 sibi
550 1677 604 1737 luit
627 1679 808 1756 experientia
831 1677 910 1749 belli,
1069 1689 1123 1740 805

197 1761 358 1841 Trojanum
382 1760 491 1822 bellurn
514 1780 585 1840 rege
606 1769 727 1842 petente
750 1763 835 1841 petit.

468 1891 527 1960 [uu
545 1891 802 1960 sueconicus]

154 1999 206 2059 Est
228 2001 260 2057 in
282 1999 482 2059 Amazonibus
505 1997 579 2057 baec
602 1998 798 2059 consuetudo:
824 2005 969 2075 reguntur

195 2082 253 2142 Per
277 2100 308 2141 se
330 2082 440 2143 nullius
463 2081 519 2141 sub
542 2082 654 2142 ditione
676 2085 741 2150 viri,
782 2088 790 2109 ¹

105 2181 108 2186 ·
152 2166 190 2226 Et
211 2167 323 2245 poteris
345 2183 483 2226 sermone
507 2165 598 2236 brevi,
623 2184 710 2247 quam
735 2167 862 2228 dicimus
885 2176 989 2242 ortam,

195 2251 225 2309 Si
248 2267 312 2310 mea
335 2248 425 2310 verba
449 2256 541 2317 notes.
567 2250 723 2310 enucleare
746 2253 799 2310 rei.

152 2337 228 2395 Ante
252 2334 487 2411 quadringentos
511 2343 539 2394 et
562 2335 758 2416 quadraginta
781 2335 826 2396 bis
850 2352 954 2412 annos,

195 2416 293 2486 Quum
316 2427 404 2498 caput
426 2421 543 2497 imperii
566 2419 685 2480 condita
708 2419 801 2480 Roma
824 2420 891 2488 luit,

151 2502 265 2563 lndolis
288 2505 426 2580 egregiae
446 2501 571 2580 juvenes
594 2505 652 2565 duo
675 2505 751 2564 lorte
774 2503 950 2583 Scytharum

194 2587 269 2665 lpsis
292 2586 478 2666 temporibus
500 2589 655 2649 incoluere
677 2589 791 2658 solum;

48 2679 75 2702 ·’
151 2670 266 2731 Plinius
287 2689 365 2733 unus
388 2679 460 2740 erat,
483 2671 610 2734 decorus
634 2673 826 2752 Scolopecius
849 2674 933 2744 alter,
1072 2683 1125 2734 815

196 2755 342 2817 Strenuus
365 2763 394 2816 et
416 2756 528 2818 validus
553 2774 627 2817 unus
651 2764 680 2817 ct
703 2757 780 2817 alter
803 2767 875 2826 erat,

152 2836 208 2906 Qui
232 2838 322 2902 multa
346 2844 415 2920 quia
437 2839 591 2918 pollebant
614 2843 732 2914 virtute,
756 2842 850 2920 lugati

193 2923 304 2987 InvidIa
328 2927 417 2985 terris
439 2931 509 2984 sunt
531 2924 701 2985 stimulante
724 2929 796 2987 suis.
885 2981 887 2987 ,

151 3008 231 3069 Haeo
254 3009 300 3071 iar
324 3009 452 3069 invidiae
475 3018 645 3086 magnatum
668 3009 782 3088 prodiit
804 3012 883 3088 igne,

197 3093 299 3153 Robur
322 3092 486 3153 eorundem
509 3112 583 3171 quos
605 3096 740 3155 timuisse
762 3096 865 3173 liquet.
1071 3105 1125 3155 820

219 3263 275 3312 tet.
295 3261 352 3311 eod.
372 3277 444 3325 pres,
496 3260 572 3312 ¹800.
592 3261 641 3312 Ov.
660 3265 711 3313 Ars
729 3263 780 3325 111,
800 3263 851 3312 284

252 3329 289 3379 Et
307 3343 425 3379 summos
444 3327 539 3379 dentes
557 3330 612 3379 ima
630 3330 734 3381 labella
752 3333 856 3396 tegant.
925 3332 983 3380 815.
1001 3329 1124 3382 Nomina

139 3392 278 3456 ‚juvenum
310 3401 411 3446 sonent
438 3413 500 3447 mox
527 3395 622 3448 Ylinus
648 3403 675 3448 et
702 3397 853 3464 sompnus,
886 3413 948 3448 mox
971 3397 1070 3450 Plinus
1094 3405 1123 3452 et

143 3460 361 3529 Sebolopytbus,
381 3480 444 3516 mox
462 3465 578 3532 Plyinus
597 3469 624 3515 et
642 3464 809 3532 Solepesius.
