2378 3810
156 153 198 217 88
463 157 524 206 nro.
543 156 594 207 111.
629 171 655 206 v.
671 123 816 207 Ι555-555.

157 311 181 368 Α
205 325 290 367 muro
313 325 405 368 sonus
427 310 592 387 increpitat,
617 307 745 387 Trojano
765 307 903 385 juventus

201 391 343 453 Hostibus
364 392 496 472 insultat,
520 401 552 453 ut
574 395 732 472 superarit,
756 402 830 453 ovat.

156 477 285 554 Argolici
307 477 467 555 trepidant,
491 495 550 537 non
573 486 671 537 autem
695 475 772 538 bella
794 477 956 555 resignant,

199 561 338 622 Laetatur
362 562 419 621 fine
442 581 510 640 spes
533 561 608 622 mala
631 580 720 640 saepe
743 561 838 629 bono;

158 645 234 724 Spes
256 644 333 705 bona
357 664 447 725 saepe
469 646 547 706 malo
570 646 696 708 laetatur
720 647 791 716 lme;
814 654 935 724 recepto
1077 658 1129 707 515

201 729 328 790 Vulnere
352 731 530 792 vincendum
554 729 676 790 vulnere
699 729 796 790 credit
818 731 935 791 berum.

157 813 254 874 Heros
278 817 385 883 iratus,
411 816 520 875 etenim
544 814 628 875 dolor
651 817 760 874 excitat
782 817 867 884 iram,

201 897 330 959 Hectora
352 897 468 960 vibrato
491 900 599 959 lortIus
622 917 693 959 ense
717 898 800 977 petit.

157 981 220 1042 Hoc
243 983 388 1061 siquidem
413 983 494 1044 olavo
516 992 599 1044 tenet
621 983 750 1044 anchora
774 985 883 1044 mentis
904 982 1066 1045 Achillem:

201 1067 252 1128 Vel
275 1069 363 1128 modo
387 1069 552 1128 Priamides
575 1067 620 1128 551
643 1067 720 1128 cadit
741 1067 893 1129 Aeacides.
1076 1079 1130 1128 520

157 1150 236 1212 lctus
260 1170 331 1230 ergo
352 1150 440 1229 jacet,
464 1152 586 1213 insultat
608 1161 637 1213 et
659 1151 768 1212 ictibus
790 1154 867 1213 ictus

199 1237 236 1297 Et
257 1255 318 1296 non
342 1245 387 1296 est
410 1236 486 1297 ullus
508 1240 538 1297 in
561 1237 697 1297 feriendo
721 1236 835 1296 modus.

156 1320 261 1380 Deficit
284 1339 299 1379 a
322 1320 460 1380 manibus
482 1320 600 1381 soboles
622 1321 778 1390 Priameia,
803 1321 924 1382 Graecis

200 1403 325 1465 Ossibus
348 1403 477 1464 officium
500 1409 543 1464 vis
565 1407 688 1482 regitiva
712 1414 811 1482 negat.

155 1489 317 1549 Descendit
339 1489 470 1568 clypeus,
494 1490 663 1550 lentescunt
685 1488 816 1558 brachia,
840 1507 944 1550 mucro
1075 1500 1127 1548 525

199 1573 311 1651 Desipit
335 1582 365 1634 et
386 1575 481 1634 vlrtus
504 1593 556 1653 spe
580 1572 725 1634 titubante
747 1576 832 1650 fugit.

157 1656 271 1717 Taedet
293 1675 360 1718 eum
383 1676 510 1736 pugnae,
534 1657 623 1718 vellet
644 1662 753 1719 vitasse
777 1657 916 1728 duellum,

199 1740 299 1802 Mallet
321 1742 357 1802 ad
382 1745 483 1802 uxoris
506 1741 657 1803 delituisse
679 1744 796 1822 preces.

157 1825 217 1887 lam
241 1826 388 1888 Graecum
412 1827 527 1905 lugere,
550 1825 669 1906 jamjam
692 1827 884 1888 retrocedere
907 1829 1036 1907 quaerit,

199 1911 311 1980 Scindi,
334 1915 361 1971 si
384 1913 486 1988 lugiat3
510 1913 630 1990 occiput
654 1929 723 1972 ense
746 1913 841 1972 timet.
1073 1921 1128 1970 530

156 1995 276 2072 Impetit
298 1995 378 2054 bunc
401 2002 463 2055 toto
487 1993 610 2056 collecto
632 1995 742 2055 robore
765 1998 832 2064 tiro,

182 2079 293 2150 ,Quem
318 2081 384 2138 nisu
407 2079 502 2138 valido
527 2079 628 2158 dejicit
650 2079 701 2139 ille
725 2078 797 2141 solo.

154 2163 192 2222 lit
213 2164 303 2222 miser
328 2163 450 2222 intuitus
472 2165 584 2223 instare
607 2163 738 2241 pericula
761 2166 875 2234 mortis,

198 2246 363 2307 Committit
386 2245 457 2307 nulli
481 2247 539 2308 sata
563 2248 682 2309 sinistra
706 2251 778 2326 spei.

155 2332 288 2409 Denique
312 2331 432 2393 victori:
456 2349 573 2410 precor,
597 2333 780 2393 invidissime
802 2331 887 2392 miles
1074 2343 1128 2392 535

196 2415 365 2476 Extinctum
388 2419 466 2496 patri
489 2417 581 2477 redde
605 2416 740 2485 cadaver,
764 2417 812 2477 ait.

221 2685 280 2738 515.
300 2683 368 2748 Spes
393 2685 467 2733 mala
487 2700 572 2749 saepe
592 2686 663 2735 bono
681 2685 700 2735 l.
720 2686 739 2738 f.
758 2712 792 2720 -
811 2684 861 2735 05.
879 2685 947 2737 Η55.
966 2685 1044 2749 XIII,
1065 2687 1129 2741 124.

331 2749 399 2816 Spes
418 2752 490 2802 bona
509 2752 630 2802 sollicito
648 2753 724 2803 victa
744 2754 841 2802 timore
861 2752 943 2802 cadit.

153 2818 212 2870 517.
232 2819 283 2870 05.
302 2820 368 2868 Η55.
388 2820 433 2879 VI,
456 2821 504 2870 140
954 2850 958 2861 ·

315 2886 481 2951 Quamlibet
499 2888 578 2936 iratis
597 2887 657 2951 ipse
678 2886 727 2938 dat
745 2902 821 2937 arma
841 2886 926 2942 dolor.
1020 2881 1026 2899 ¹

153 2954 263 3009 Gualtb.
282 2953 359 3004 Alex.
379 2954 429 3016 III,
450 2957 497 3005 113

388 3023 503 3072 Excitet
520 3021 660 3072 interdum
677 3022 751 3073 vires
770 3021 855 3073 dolor.

152 3106 211 3159 524.
230 3105 363 3171 Marginis
383 3105 515 3156 scholion.
542 3108 600 3160 Neo
616 3107 712 3156 mirum
732 3106 802 3169 quod
819 3110 880 3155 tota
893 3105 938 3155 die
952 3111 1129 3171 pugnaverat

96 3215 98 3220 .
151 3183 180 3222 et
202 3173 297 3223 hostes
315 3174 465 3234 occideret,
489 3189 540 3223 nee
560 3174 631 3238 quod
656 3190 720 3224 5555
738 3175 797 3223 eius
816 3188 904 3223 aenea
923 3178 972 3223 aut
990 3173 1128 3225 fortitudo

152 3238 214 3304 ejus
232 3242 320 3290 minor
337 3255 420 3304 quom
438 3240 570 3291 fortitudo
589 3240 671 3291 illius.
708 3241 789 3292 Ovid.
808 3241 890 3293 Trist.
908 3241 956 3302 lv,
975 3241 1000 3302 6,
1018 3243 1052 3290 31

286 3309 397 3358 Fortior
414 3309 442 3357 in
462 3309 538 3359 fulva
557 3323 643 3358 novus
655 3309 705 3359 'est
723 3300 846 3359 luctabor
864 3322 959 3369 arena,

320 3376 408 3436 Quam
429 3377 473 3425 cui
491 3383 555 3427 sunt
574 3375 656 3425 tarda
675 3376 791 3426 brachia
809 3377 887 3426 fessa
904 3389 990 3424 mora.

140 3443 202 3490 534.
223 3442 284 3496 eod.
304 3443 434 3497 51555155.
747 3493 750 3497 ,
773 3459 777 3470 ·
