2378 3810
418 128 479 178 Lib.
498 128 535 183 ΙΙ.
570 143 596 180 v.
617 125 758 180 lta-tus.

108 281 165 344 Dat
186 290 249 342 tres
271 281 420 342 Venereus
443 288 473 341 et
494 281 708 361 quinquaginta
731 283 847 344 carinas

152 365 264 427 Omnes
284 374 354 427 sunt
376 364 481 444 plenae
505 367 632 428 t'orubus
654 365 768 445 absque
791 384 871 427 sene.

108 455 146 514 At
168 451 286 527 triginta
309 450 406 511 Thoas
428 450 507 510 vehit
530 468 566 510 ex
589 449 774 511 Chalcedone
797 469 911 529 puppes

154 536 230 595 Huic
253 552 354 594 comes
375 533 519 613 Aulippus
543 535 673 611 huicque
694 534 861 614 Phidippus
885 544 957 604 erat,

109 619 267 697 Octoginta
290 619 371 679 vehit
392 638 428 679 ex
451 618 539 680 Creta
561 620 708 679 Meriones
730 626 761 678 et

151 704 210 765 Par
232 711 296 763 erat
318 702 493 764 idomeneus
517 703 601 764 tortis
623 707 651 764 ei
675 705 784 765 socius.

108 788 154 849 Ex
174 786 280 848 Pataro
304 787 403 848 decies
425 787 471 848 his
494 788 591 856 binas,
614 787 791 849 Protesilael

152 872 241 932 lincis
263 881 292 931 et
314 890 350 933 ex
372 873 485 952 Pyrgis,
510 892 527 932 o
550 873 685 933 Eumele!
709 873 823 934 decem.

109 957 166 1018 Dat
187 957 308 1032 triginta
331 964 410 1018 rates
432 955 600 1018 Podalirius
622 966 710 1036 atque
732 956 884 1027 Machaon,

151 1041 259 1118 lntras,
283 1040 479 1122 Triptoleme!
504 1041 628 1102 navibus
650 1050 716 1102 octo
739 1059 830 1101 mare.

110 1121 330 1204 Quinquaginta
353 1134 433 1186 rates
455 1127 608 1187 Patroclus
631 1134 721 1202 agunt
743 1133 773 1184 et
795 1121 926 1186 Achilles

153 1209 197 1269 Ex
219 1210 338 1290 Scythia
360 1220 525 1288 properant
546 1211 805 1290 Myrmidonesque
828 1218 946 1271 vocant.

111 1293 273 1371 Alphineus
296 1299 418 1356 veniens
441 1315 476 1355 cx
500 1296 585 1356 Elide
607 1313 661 1375 per
684 1313 765 1356 mare
788 1295 873 1354 ducit

152 1377 369 1456 Quinquaginta
392 1390 472 1440 rates
493 1379 785 1458 Amphimachusque
808 1396 916 1441 comes.

109 1463 176 1524 Non
200 1463 283 1522 deest
304 1463 450 1541 Argolicis
473 1463 643 1542 praeclarus
665 1465 759 1524 Marte
781 1463 909 1526 Leontos

154 1547 256 1608 Mandu
278 1549 476 1626 quaterdenas
498 1568 565 1609 cum
590 1547 747 1626 Polypoete
769 1555 859 1609 rates.

110 1632 232 1692 Guneus
255 1651 289 1692 ex
314 1631 415 1712 Cypho
439 1652 497 1694 nun
520 1634 625 1694 militat
646 1636 760 1711 impare
783 1641 859 1701 voto,

153 1717 210 1777 Sed
234 1717 323 1787 dicae,
347 1719 445 1779 decies
468 1719 584 1779 advehit
607 1725 674 1778 octo
696 1725 787 1777 rates.

109 1803 200 1861 Arma
222 1799 400 1862 Philoctetes
422 1820 482 1862 non
505 1801 663 1871 subtrahit,
687 1802 778 1861 immo
802 1801 917 1861 carinas

153 1885 353 1962 Quadraginta
376 1887 464 1956 vehit,
486 1887 727 1964 Magnesiamque
749 1885 849 1944 trahit.

113 1969 256 2030 Arcadiae
278 1972 418 2049 princeps
442 1971 622 2048 penultimus
644 1977 688 2030 est
709 1966 888 2048 Agapenor‘

155 2053 212 2114 Sex
236 2053 335 2114 decies
357 2054 472 2116 ratibus
493 2063 619 2134 occupat
641 2055 691 2115 ille
713 2054 820 2116 solum.

113 2136 285 2198 Mnestheus
306 2142 440 2199 occurrit
462 2138 498 2200 ab
521 2140 654 2208 Athenis,
677 2139 828 2219 puppihus
850 2144 948 2198 autem

152 2221 186 2281 ln
210 2223 428 2299 quinquagenis
450 2243 531 2284 arma
555 2224 696 2304 cibosque
720 2224 808 2284 vehit.

110 2306 170 2368 Has
192 2308 282 2383 igitur
304 2308 493 2388 reliquasque
515 2318 595 2369 rates
617 2327 684 2370 cum
707 2306 797 2368 rebus
819 2324 921 2368 earum

156 2387 357 2468 Quadraginta
380 2411 484 2453 novem
508 2395 555 2455 dic
578 2393 740 2454 fabricasse
763 2390 864 2452 duces.
1025 2401 1076 2451 200

112 2474 223 2536 Omnes
244 2474 374 2537 illustres
398 2486 427 2539 et
447 2478 548 2538 Martis
570 2480 602 2537 in
626 2475 741 2537 artibus
763 2493 855 2545 acres,

153 2559 237 2620 Mens
258 2558 367 2637 quihus
389 2570 435 2623 est
457 2560 536 2623 nolle
557 2561 675 2629 cedere,
698 2558 785 2621 malle
806 2560 893 2620 mori.

179 2745 236 2794 1⁷5.
269 2746 336 2808 Quis
354 2748 405 2808 sit,
426 2747 575 2808 nescimus,
600 2761 681 2810 quum
700 2744 732 2795 de
749 2745 874 2796 Venereo
893 2744 1011 2810 quodam
1028 2760 1077 2794 un·

111 2809 195 2876 dique
214 2812 301 2864 cltum
323 2813 470 2865 silentium.
540 2814 598 2864 17⁷.
622 2811 687 2862 (lod.
706 2812 868 2865 Culcedine.
922 2814 979 2862 178.
1011 2813 1075 2862 Phi·

111 2877 211 2944 dippus
229 2882 362 2930 eDcrete
380 2897 430 2946 pro
448 2881 600 2945 Philippus.
655 2881 710 2931 179.
727 2885 756 2928 et
767 2894 827 2945 pro:
847 2880 880 2930 si.
935 2878 1075 2930 1820011.

110 2945 276 2998 oOimelee.
330 2950 387 3000 183.
411 2947 476 2998 Cod.
501 2949 668 2999 Polidarius.
735 2949 794 3001 187.
820 2947 844 2996 Α
865 2948 971 2996 Dcrete
993 2948 1077 2996 nomi-

109 3019 193 3063 natur
216 3013 361 3080 Antiphus.
407 3016 488 3066 Elide
515 3031 564 3081 pro
592 3015 674 3065 Ilide.
760 3016 817 3065 189.
852 3014 979 3064 Leontes.
1010 3015 1076 3069 Dar,

110 3081 260 3133 Leonteus.
340 3086 397 3134 190,
435 3082 500 3132 Cod.
520 3083 654 3135 Polibete.
738 3084 794 3135 191.
825 3082 865 3133 sic
890 3096 925 3130 ex
942 3081 1008 3131 Dar.
1027 3097 1077 3147 pro

111 3147 211 3213 Cypro.
281 3152 339 3202 tea.
367 3166 462 3214 mergo
484 3165 533 3216 pro
556 3151 603 3201 ille
622 3150 738 3216 praebet
756 3156 830 3212 octo,
855 3149 904 3199 sed
924 3154 952 3200 et
970 3151 1010 3200 sic
1027 3165 1076 3199 nu·

110 3219 343 3282 mercenarium,
362 3218 457 3269 decies
474 3224 550 3269 octo:
573 3219 743 3284 discreparet
761 3234 779 3267 c
796 3217 913 3279 Darete,
938 3219 985 3284 qui
1002 3216 1075 3276 XXI,

110 3289 140 3334 et
159 3285 194 3334 ab
213 3285 333 3336 Homero
352 3290 381 3335 et
398 3287 472 3336 Dict.
489 3288 536 3351 qui
548 3285 629 3336 XXII
642 3289 796 3336 numerant.
865 3287 924 3336 193.
943 3284 1014 3339 Phil.
1027 3299 1076 3349 pro

110 3351 267 3403 Policteres
286 3353 389 3404 codicis
407 3355 562 3418 posuimus3
582 3354 672 3403 Dares
690 3352 745 3403 elio
758 3352 819 3403 loco
831 3354 924 3418 posuit
935 3352 1077 3403 Philocte-

108 3423 173 3484 tam,
192 3419 237 3472 hio
254 3421 411 3472 Prothoum.
