2378 3810
430 141 490 196 Lib.
508 140 530 191 1.
566 156 591 194 v.
611 141 753 192 all-403.
1034 140 1076 205 23

154 320 298 387 QUIDAM
317 320 495 387 SUADENT‚
514 319 659 386 QUIDAM
677 321 755 375 NON
772 321 860 375 iuuit
877 321 1030 377 reninis.

109 426 280 508 Deiphobus
302 426 417 505 pridem
441 425 652 488 commeabans
674 428 784 507 iuquit:
808 426 844 487 ad
868 429 920 488 ista

154 513 297 573 Effectum
321 509 417 571 Paridi
441 510 564 571 consulo
586 518 651 570 vola
675 512 750 571 dari.

111 598 176 676 lpse
198 595 236 656 sit
258 596 288 655 in
312 613 398 656 causa
424 595 577 666 vexillifer,
601 598 665 675 ipse
690 597 828 673 magister

153 681 275 750 Causae,
299 680 370 741 (lent
391 697 521 758 operam,
545 698 619 757 quos
642 688 736 748 vocat,
761 679 837 740 bano
854 688 883 740 et
898 699 996 759 opem.
1024 689 1075 739 380

112 765 176 826 Non
200 763 298 843 placet
319 763 393 824 haee
414 763 528 823 Heleno
551 766 716 825 sententia:
740 783 788 824 res
811 783 844 826 ea
869 783 968 825 seeum

155 848 186 908 Si
208 856 380 926 peragatur,
405 850 454 914 ait,
477 849 605 910 maxima
628 848 735 908 damna
757 848 857 910 trabit.

111 933 144 993 Si
165 931 248 992 Paris
271 951 306 992 ex
330 932 451 993 Graecis
473 951 596 994 uxorem
621 933 738 993 duxerit
761 934 831 1001 oris.

153 1015 307 1077 Excidium
330 1015 437 1077 Troiae
461 1017 549 1076 ducet
572 1025 601 1077 et
622 1035 710 1077 omne
732 1018 852 1078 malum.

112 1100 224 1162 Graeca
249 1118 351 1161 manus
374 1109 435 1160 tola
458 1108 526 1161 ruet
547 1103 578 1161 in
601 1100 769 1180 Phrygiam,
793 1101 849 1161 nisi
872 1101 949 1163 tritis
1026 1112 1077 1162 380

154 1184 297 1246 Omnibus
320 1185 354 1244 ad
380 1193 475 1245 terras
496 1184 657 1246 irreditura
681 1203 761 1245 suas.

111 1269 148 1328 At
169 1267 289 1329 Troilus
312 1277 379 1330 natu
404 1269 558 1337 minimus;
581 1287 641 1330 non
664 1269 776 1330 viribus
799 1271 905 1347 impar,

153 1353 250 1413 Mente
273 1371 329 1413 nec
350 1354 474 1414 inferior
495 1354 624 1415 Hectore
647 1354 726 1415 latur
748 1355 802 1415 ita:

113 1438 205 1498 Detur
227 1437 394 1498 Alexandro
415 1437 488 1503 laus.
513 1438 601 1498 detur
625 1437 786 1517 Deiphobo,
810 1441 861 1517 qui

154 1521 271 1582 Laudes
293 1523 413 1600 ingenio
435 1540 629 1601 promeruere
652 1541 716 1587 suo.
1027 1533 1078 1582 390

114 1607 197 1667 Unus
220 1606 255 1666 ad
278 1605 467 1667 bochellum
490 1625 522 1666 se
544 1606 679 1684 praebet,
703 1614 732 1667 et
755 1605 900 1686 approbat
922 1606 1008 1678 alter,

155 1689 220 1750 Non
244 1698 326 1750 earet
348 1691 456 1752 ellectu
480 1691 558 1770 quod
581 1691 703 1753 voluere
726 1690 794 1752 duo.

110 1774 177 1835 Non
200 1773 289 1835 debet
310 1791 359 1835 res
380 1778 412 1836 in
434 1775 540 1836 Heleni
562 1774 727 1836 subsistere
749 1775 851 1843 verbo,

155 1857 299 1929 Deterret,
323 1877 412 1936 saepe
434 1867 533 1919 terror
555 1858 669 1920 honore
692 1868 783 1919 earet.

110 1941 281 2019 Degeneres
304 1944 454 2020 trepidant
476 1945 566 2005 animi
589 1942 749 2023 pejoraque
773 1950 900 2011 versant,
1027 1952 1078 2002 395

154 2026 209 2087 Dat
232 2045 314 2088 mare
336 2045 425 2107 saepe
448 2036 552 2096 metus,
577 2028 657 2089 nulla
680 2027 791 2109 periola
815 2036 925 2090 tamen.

112 2109 278 2188 Desperare
302 2119 396 2182 nocet,
421 2111 543 2174 dubium
567 2112 684 2174 dimitte
708 2114 859 2173 timorem:
933 2175 935 2178 a

156 2194 249 2274 Saepe
272 2195 342 2257 iacit
365 2198 456 2257 metui
479 2215 538 2258 uon
561 2197 718 2259 metuenda
741 2207 845 2258 melus.

112 2278 151 2340 Ut
173 2278 264 2340 verbo
287 2287 367 2341 stent
389 2280 479 2342 multa
501 2280 595 2350 brevi,
619 2284 710 2342 timor
733 2283 797 2360 ipse
822 2280 966 2341 malorum

156 2363 251 2443 Saepe
273 2382 472 2444 supervacuos
494 2367 574 2443 cogit
596 2365 706 2426 habere
731 2373 835 2425 metus.
991 2373 1079 2441 ,400

112 2446 329 2525 aggrediamur
351 2467 437 2527 opus,
461 2449 534 2510 nihil
557 2448 784 2528 impenetrabile
807 2448 892 2515 lorti;

156 2532 307 2593 Audentes
329 2533 456 2612 legimus
479 2535 557 2612 quod
581 2537 662 2594 iuvat
683 2536 746 2611 ipse
769 2530 851 2593 (leus.

110 2614 261 2677 Classibus
283 2625 317 2677 ut
338 2618 426 2678 lactis
449 2619 585 2696 pulsetur
607 2618 739 2685 Graecia,
764 2617 869 2678 manda

112 2750 314 2760 ..ψη-...-

179 2818 238 2868 380.
259 2817 334 2871 dant
403 2820 461 2869 384.
480 2819 637 2884 emargine
656 2832 732 2883 pro,
734 2817 849 2878 ,“.trone
919 2820 977 2869 392.
998 2817 1079 2868 Ouid

111 2880 202 2938 Amor.
220 2884 258 2948 11,
275 2888 300 2949 3,
321 2887 361 2936 10.
412 2887 471 2941 390.
484 2887 586 2936 Lucan.
605 2885 703 2937 Phora.
721 2854 769 2945 1’v,
789 2887 822 2936 90
840 2890 892 2950 est,
911 2901 944 2935 ex
963 2900 1015 2949 quo
1033 2900 1080 2950 po·

111 2952 228 3001 suimus.
243 2955 334 3033 ‚‚trop3
343 2952 435 3003 anim“
447 2969 495 3019 pro
507 2968 550 3003 nn
560 2958 631 3019 trep
676 2953 734 3005 390.
745 2922 915 3018 Pamphilus.
928 2952 1002 3016 XLI,
1014 2968 1040 3003 v.
1055 2953 1078 3002 6.

109 3020 169 3071 397.
188 3019 231 3068 Ex
249 3020 385 3085 margine,
403 3021 463 3071 eod.
482 3036 616 3086 reparare
637 3022 686 3071 cfr.
705 3019 842 3084 Pamphil.
861 3018 974 3081 XXXV,
992 2990 1016 3073 3

224 3086 372 3152 desperare
390 3094 481 3151 nocet,
499 3095 593 3139 votum
611 3087 690 3140 labor
706 3087 847 3153 improbus
865 3087 968 3153 implet.

109 3153 170 3204 398.
188 3152 278 3204 Anon.
296 3154 393 3206 Nevel.
411 3170 437 3219 p
456 3157 514 3206 006.
532 3155 581 3205 lin.
600 3157 670 3207 lab
689 3155 771 3208 infra.
862 3158 920 3206 399.
937 3157 995 3206 400.
1014 3155 1080 3206 Ovi·

108 3218 150 3269 dii
167 3224 237 3339 anull
251 3237 285 3272 ex
303 3222 381 3274 Pont.
402 3223 439 3285 11,
458 3225 483 3285 l,
502 3225 526 3274 5.
540 3224 566 3276 0.
617 3225 676 3278 401
694 3222 774 3273 Alan.
791 3222 951 3274 Anticleud.
968 3222 1029 3273 Lib.
1041 3222 1079 3284 ΙΙ,

109 3303 137 3352 p.
155 3289 189 3339 20
229 3304 266 3342 ιιι.
284 3291 325 3338 21.

240 3356 441 3422 Aggrediamnr
459 3372 544 3422 opus.
534 3356 658 3408 ·melior
676 3357 789 3409 fortuna
808 3335 949 3423 sequetur.

109 3423 169 3473 402.
185 3422 264 3489 Virg.
284 3425 353 3474 Aen.
373 3427 408 3488 X,
425 3427 485 3479 284.
