2378 3810
149 155 192 222 30
462 118 529 205 *aaa
550 156 572 211 1,
607 172 632 207 v.
651 156 794 207 ere-eoo.

149 311 265 371 Revera
288 311 333 369 vir
355 307 479 387 pulcher
503 317 576 384 erat,
600 309 658 368 iarn
680 310 776 388 prima
798 305 916 368 tenellis

194 393 316 471 Lanugo
339 395 417 473 cepit
438 393 615 454 infruticare
637 392 706 472 pilis

150 478 294 557 Signabat
314 495 416 539 roseae
439 478 540 555 iacies,
564 478 638 537 nivis
661 475 786 547 aemula,
810 474 917 546 malas;
1068 484 1124 536 580

193 563 274 624 llaec
298 562 385 624 etiam
409 571 504 624 castas
526 561 685 623 sollicitare
709 562 814 622 solent.

161 692 309 748 HELENA
326 691 495 746 PROPTER
513 691 678 745 PARIDEM
694 689 819 746 FINGIT
836 688 949 744 ADIRE
966 687 1105 748 FANUM.

151 785 248 845 Paean
271 779 413 861 oppidulo
436 798 517 840 mare
539 780 590 840 lux
612 781 709 842 stabat
732 778 844 857 Apollo,

195 866 298 928 Stabat
320 865 440 926 iatidico
462 865 562 925 iuncta
586 865 676 925 lliana
699 864 765 925 deo.
957 931 960 936 ἴ

151 953 216 1013 Huc
239 950 362 1019 Ledaea,
386 951 471 1028 quasi
494 948 619 1010 tendens
641 950 677 1010 ad
700 946 845 1028 Apollinis
868 965 950 1008 aram

195 1036 232 1096 Sc
255 1041 363 1100 movet,
387 1051 532 1112 aequorea
554 1031 652 1094 littora
675 1036 794 1112 iamque
816 1040 909 1093 tenet.
1066 1038 1124 1090 585

152 1121 245 1182 Causa
268 1119 385 1180 sedeat
406 1117 472 1187 alia,
496 1119 632 1180 iuvenem
656 1126 792 1197 spectare
816 1115 943 1186 volebat,

194 1205 288 1265 Huius
311 1203 346 1263 ad
370 1203 507 1263 intuitum
530 1202 658 1282 pendula
681 1209 741 1262 tota
764 1201 827 1262 luit.

151 1291 274 1356 Fanum,
297 1305 353 1367 pro
377 1304 447 1346 casu
470 1283 555 1362 quasi
577 1287 746 1365 quaesitura
770 1287 880 1354 lutura,

193 1374 296 1442 Intrat,
318 1370 490 1450 procumbit
513 1377 636 1450 votaque
658 1379 760 1432 sancta
783 1369 862 1432 lacit.

152 1456 267 1519 Gaudet
288 1453 454 1515 Alexander
476 1454 585 1532 gaudet
607 1474 726 1534 quoque
748 1453 872 1534 pulchra
895 1453 1043 1522 Lacaena3
1066 1462 1120 1512 590

193 1540 254 1601 Iarn
277 1540 355 1599 ioret
376 1539 405 1598 in
428 1539 551 1609 loribus,
575 1557 755 1618 exsuperare
777 1547 869 1600 ratus.

152 1624 241 1685 Exilit
264 1643 280 1684 e
303 1641 387 1704 nare,
411 1623 583 1684 conscendit
605 1642 729 1704 eamque
751 1623 852 1685 ridere

193 1710 321 1789 Appetit.
344 1707 435 1786 inque
458 1708 565 1779 locum,
590 1728 649 1788 quo
671 1709 727 1769 luit
747 1706 805 1776 illa.
830 1711 913 1785 petit.

152 1790 386 1874 Spam'rnultanr
411 1792 547 1853 concedit
569 1796 597 1853 ei
620 1793 726 1854 fiducia
749 1792 873 1861 formae,

194 1877 295 1938 Vultus
318 1879 382 1937 eius
405 1879 488 1955 quasi
511 1879 571 1938 sint
593 1877 653 1938 lilia
676 1884 766 1956 nupta
789 1878 875 1937 rosis.
1067 1883 1121 1934 595

151 1961 290 2024 Anrbulat
312 1968 341 2020 et
362 1961 443 2021 claro
466 1980 531 2021 sese
554 1961 690 2023 diffundit
712 1962 820 2022 amictu

195 2046 240 2115 Et,
264 2061 440 2124 quacunque
463 2049 647 2124 potestante
670 2046 798 2125 placere,
823 2043 928 2122 placet.

152 2132 232 2192 Haeo
253 2127 355 2189 laudat
374 2128 513 2207 juvenem
536 2129 678 2192 claudens
701 2128 756 2190 sub
778 2137 901 2209 pectore
923 2127 1040 2191 laudern

194 2214 253 2275 Ore
276 2229 384 2290 gerens
407 2212 527 2283 clavem,
552 2232 590 2276 ne
612 2222 763 2276 reseretur
785 2213 874 2274 idem.

219 2364 278 2415 578.
297 2363 425 2414 Gnalteri
440 2363 589 2419 Alexandr.
607 2366 629 2428 Ι,
648 2367 688 2416 27.
707 2366 740 2416 88

303 2430 430 2481 Nondum
447 2433 588 2497 prodierat
606 2437 703 2483 natura
720 2432 806 2498 plana
825 2431 936 2483 tenellis

302 2498 470 2549 Infruticans
488 2501 591 2567 lanugo
609 2500 683 2566 pilia.

151 2568 209 2617 580.
230 2563 358 2615 Gualteri
375 2567 521 2622 Alexandr.
544 2571 577 2622 V.
597 2570 653 2619 191.
735 2569 794 2619 582.
813 2566 873 2617 Sici
894 2567 1015 2618 Sensus?
1038 2563 1121 2631 Apud

151 2632 314 2698 oppidulum
334 2637 394 2683 erat
412 2650 496 2698 mare,
517 2636 563 2685 lux
581 2636 675 2687 Paean
693 2633 811 2699 Apollo?
880 2636 939 2686 584.
957 2632 1118 2689 cadhuna.

150 2701 209 2752 585.
229 2699 286 2754 cod.
304 2705 403 2751 manet.
488 2703 547 2755 686.
567 2703 626 2758 cod.
645 2717 779 2758 venerem.
858 2703 915 2753 591.
933 2700 1053 2767 margini
1071 2700 1121 2751 ad·

152 2768 258 2833 scripta
281 2773 358 2818 eunt:
382 2769 436 2820 iam
455 2769 527 2821 foret
544 2770 574 2820 iu
592 2770 737 2822 voluntate
756 2769 790 2820 ad
809 2769 943 2822 ellectum
960 2767 1119 2835 perducere.

150 2837 208 2888 594.
228 2834 279 2890 Ov.
297 2833 365 2892 Met.
384 2836 456 2894 xlv,
475 2840 516 2892 91.
534 2840 566 2888 32
720 2832 730 2843 '

241 2904 278 2953 Et
295 2903 320 2952 ei
337 2919 415 2968 apem
433 2903 542 2955 dederis
561 2930 592 2941 -
611 2931 644 2939 -
661 2931 694 2940 -
712 2909 777 2956 tuae
795 2905 895 2956 fiducia
913 2905 1023 2956 formae.

149 2973 208 3023 595.
227 2970 278 3021 Ov.
298 2985 381 3026 amor.
399 2971 436 3033 11,
455 2973 481 3034 5,
499 2974 532 3022 37

291 3037 381 3099 Quale
400 3054 479 3089 rosae
498 3038 606 3104 fulgent
623 3039 696 3090 inter
714 3054 764 3090 ena
782 3039 844 3090 lilia
861 3042 973 3092 mixtae.

150 3105 232 3155 Alan.
253 3104 412 3157 Antioland
431 3107 494 3157 Lib.
514 3106 536 3168 1,
555 3123 581 3172 p.
602 3108 641 3157 lo.
659 3106 706 3157 liu.
724 3109 740 3157 3
759 3108 794 3158 ab
812 3107 889 3160 infra

337 3173 478 3224 Siderenm
496 3174 588 3224 vultus
607 3176 781 3239 castigavere
799 3176 926 3227 ruborem

336 3240 412 3291 Lilia
429 3245 518 3305 nupta
535 3242 615 3293 rosis.

149 3309 207 3359 597.
229 3307 280 3359 0v.
292 3307 343 3357 Ars
357 3307 378 3367 Ι,
394 3309 444 3358 596
461 3308 507 3372 ut,
526 3324 696 3374 quacumque
714 3315 795 3375 potes
808 3312 872 3364 dote
884 3311 1006 3378 placere,
1025 3309 1117 3375 pleae.

149 3377 208 3427 599.
226 3376 314 3440 Marg.
339 3389 385 3425 ore
404 3376 476 3440 gerit
494 3375 601 3429 clavem
620 3378 692 3442 quod
710 3380 860 3431 secundum
879 3385 987 3445 tempus
1006 3377 1118 3431 555515-

149 3445 198 3506 qui
217 3447 245 3494 et
262 3443 389 3493 reticere.
