2378 3810
152 158 194 223 28
475 159 537 210 cto.
555 159 576 213 1.
611 173 636 210 v.
656 159 798 210 are-arr.

154 311 290 390 Augebat
311 329 469 372 numerum
492 310 588 371 dulcis
610 312 742 372 mixtura
764 311 905 383 virorum,

198 395 255 465 Qui
278 395 315 455 de
336 395 492 456 Paeonicis
513 397 659 455 introiere
681 394 765 466 locis,
1069 405 1125 458 tao

154 482 193 543 Et
215 499 269 559 per
291 478 491 540 Alexandrum
515 487 585 539 sunt
606 479 854 558 Deiphobumque
877 480 972 540 vocati

197 563 319 627 Consilii
341 566 481 643 prompti,
506 565 680 624 strenuitate
703 563 799 643 probi.

155 649 247 710 Totus
270 649 305 710 ad
329 667 410 709 arma
433 646 510 707 volat
533 650 689 716 exercitus,
713 665 794 708 arma
817 655 957 709 vetusta·

196 734 345 802 Furiurat,
369 739 403 794 ut
423 733 553 801 niteant;
577 733 606 792 in
630 731 787 808 dumisque
809 732 924 811 probat.

104 854 112 871 κ
157 817 301 878 Omnibus
324 835 381 877 una
404 818 497 894 quies,
522 833 646 894 operum
669 814 754 876 labor
777 816 916 878 omnibus
938 833 1023 888 unus,
1072 820 1124 876 526

198 901 334 962 Dedecus
356 900 467 969 ulcisci,
491 901 611 961 vincere
632 901 694 960 sive
716 902 803 960 mori.

154 986 218 1046 Rex
241 984 377 1046 Paridem
401 985 545 1063 praefecit
568 986 612 1044 eis
635 983 783 1063 dixitque:
807 1001 950 1055 sororem,
985 1064 987 1068 Α

196 1069 278 1132 Litus
301 1076 333 1130 ut
355 1070 497 1146 attigeris,
522 1071 620 1146 primo
642 1071 765 1148 require
788 1087 894 1130 meam.

155 1153 239 1215 Tolle
261 1153 448 1234 requisitam,
471 1153 497 1212 si
519 1151 656 1223 reddunt,
682 1152 777 1233 adjice
800 1153 875 1214 lacta

196 1239 229 1299 ln
252 1252 306 1298 nos
330 1237 501 1316 obprobria,
525 1239 550 1297 si
572 1239 687 1298 variare
710 1237 809 1298 velint.
1068 1246 1121 1297 630

154 1322 322 1393 Sivariare
345 1320 446 1381 volunt
469 1328 498 1379 ct
519 1327 690 1382 restaurare
712 1321 840 1401 puellam
936 1343 939 1348 ¹

198 1406 321 1468 Caetera
343 1407 483 1474 sustineo,
507 1406 589 1481 pacis
612 1414 725 1466 amator
748 1424 810 1467 ero.

154 1491 185 1551 Si
208 1491 315 1560 minus,
339 1489 396 1549 hoc
419 1497 538 1549 nostrae
561 1488 672 1550 reserat
694 1492 753 1550 cito
776 1492 899 1551 nuntius
922 1492 1002 1560 auri,

197 1575 308 1635 Mittam
333 1592 399 1634 cum
422 1572 537 1634 ratibus
560 1591 641 1634 arma
664 1575 802 1654 virosque
824 1574 890 1635 tibi.

157 1658 214 1720 Dat
236 1657 336 1718 Paridi
359 1657 493 1718 Priamus
515 1655 652 1718 Aeneam
676 1657 913 1741 Pygmalionem
1070 1667 1122 1719 636

197 1744 355 1804 Consortes
377 1749 499 1820 coeptae
522 1741 768 1820 Deiphobumque
793 1744 865 1804 viae.

153 1828 242 1889 Grata
266 1827 298 1887 lit
320 1844 393 1888 aura
416 1827 502 1896 freto,
527 1825 705 1888 subducitur
728 1844 836 1888 ancora
859 1827 951 1888 lundo

195 1911 252 1972 Nat
274 1913 358 1972 naris
379 1913 409 1970 in
432 1909 536 1989 pelago
561 1911 620 1970 vela
644 1911 769 1973 vehente
792 1910 892 1971 notho.

131 1996 249 2066 ,Nauta
272 1995 419 2072 gubernat
440 1998 498 2056 iter
519 1997 687 2063 Antenoris,
710 1996 760 2057 ille
783 1999 913 2057 marinas

196 2079 324 2139 Noverat
345 2097 380 2139 ex
402 2095 458 2139 usu
482 2078 627 2140 velificare
650 2082 720 2141 vias,
1069 2089 1122 2140 640

350 2257 411 2313 HIC
429 2258 534 2314 Palus
553 2258 667 2314 vuum
686 2260 736 2314 AD
754 2260 914 2316 PORTUM.

155 2381 294 2442 Nondum
319 2381 506 2459 contigerant
528 2381 696 2462 Cytheram,
710 2383 763 2442 >sic
785 2381 881 2445 insula
904 2384 982 2447 dicta

195 2464 257 2534 Est,
283 2473 311 2524 et
333 2482 441 2525 nomen
464 2464 515 2527 ab:
540 2486 566 2535 o,
591 2485 608 2527 o
631 2466 774 2545 Cytherea
796 2475 887 2529 tenet.
1053 2471 1055 2476 '

154 2549 292 2611 Occurrit
313 2549 413 2610 Paridi
434 2549 594 2625 Menelaus,
618 2557 732 2629 spectat
755 2559 883 2623 euntem,

194 2633 328 2703 Miratur,
352 2634 398 2693 cui
422 2633 631 2704 sttdettciosa,
655 2643 761 2695 ratem.
1065 2645 1118 2699 646

153 2716 282 2796 Oblique
304 2735 336 2777 se
358 2719 526 2794 respiciunt
548 2736 604 2778 nec
626 2727 732 2778 neuter
756 2736 858 2780 eorum

194 2801 246 2862 Est
269 2799 318 2862 alii
339 2802 421 2863 nisus
443 2808 544 2863 mutua
567 2801 657 2862 rerba
677 2801 762 2881 loqui

219 2972 276 3021 519.
295 2969 447 3021 Maximian
465 2965 488 3031 I,
505 2970 539 3019 29

291 3037 422 3103 Augebat
439 3037 565 3088 meritum
585 3035 674 3087 dulcis
692 3037 811 3088 mixtura
828 3039 970 3096 bonorum,

150 3106 208 3155 625.
226 3105 337 3155 Maxim.
356 3103 403 3167 Vl,
422 3105 438 3154 6

262 3171 396 3222 Omnibus
415 3176 459 3221 est
478 3169 575 3221 ecdem
593 3171 644 3221 leti
660 3173 721 3235 vie3
739 3175 906 3225 nontamen
924 3189 995 3226 unus

295 3239 346 3288 Est
364 3238 439 3287 vitae
459 3239 569 3288 cunctis
588 3240 720 3306 exiliique
738 3239 836 3292 modis.

150 3307 209 3358 538.
228 3305 287 3359 cod,
300 3304 372 3355 vola.
426 3305 483 3355 542.
503 3303 567 3357 Ood.
587 3322 686 3358 nomen
704 3307 739 3359 ab
758 3307 899 3359 ocbiarea
912 3312 1002 3360 tenes.
1015 3308 1117 3375 Margo

29 3388 51 3441 *-
151 3388 167 3424 o
186 3373 315 3424 cbitcrea
326 3371 428 3423 Venus.
468 3373 527 3423 544.
546 3377 656 3425 euntem
669 3389 703 3425 ex
714 3376 839 3441 margine
853 3390 902 3440 pro
916 3375 1021 3427 codicis
1033 3390 1119 3440 „eun-

151 3439 231 3492 dem‘⁴
251 3443 328 3491 reete
347 3438 419 3490 enim
437 3454 532 3507 margo
552 3446 683 3506 „euntem
702 3447 731 3493 et
748 3458 804 3494 non
821 3442 1045 3496 subsistentcm“.
