2378 3810
436 181 499 235 Lib.
516 181 562 232 VI.
599 194 625 235 v.
645 182 752 231 15-42.

115 335 174 398 lllis
196 335 345 414 paullatim
368 349 513 413 praeceps
535 330 658 393 audacia
680 333 774 391 crevit

159 418 314 497 cordaque
337 417 526 495 languentem
549 416 720 476 dedidicere
743 423 866 476 metum.

115 505 158 565 td
179 521 321 581 magnum
346 502 461 562 virtutis
484 518 559 579 opus
581 516 773 576 summosque
797 498 914 560 labores

158 589 287 649 Mentem
310 592 502 665 componunt,
527 583 604 645 nulla
629 583 741 662 pericla
766 586 879 645 timent.

116 671 248 733 Credunt
270 688 351 731 esse
358 671 442 730 nefas
465 671 596 730 animum
618 669 771 748 praeferre
793 668 911 748 pudori,

157 754 286 835 Plusque
308 753 404 815 solent
425 755 534 815 lamam
557 771 646 834 quam
670 752 804 813 timuisse
826 765 941 814 necem.

115 840 280 901 Pectoris
271 856 396 900 incursu
419 834 610 915 confringere
633 836 690 898 1313
712 845 881 917 peroptant,
996 905 1000 913 ¹

158 925 207 985 Sic
228 921 349 985 titulum
373 941 497 1000 magnae
519 922 615 984 laudis
637 922 672 982 ad
697 929 775 983 astra
798 920 905 983 levant.

115 1008 168 1069 Est
189 1008 268 1069 hona
293 1007 398 1068 militia
421 1005 527 1068 melior
548 1007 678 1072 lortuua,
701 1004 753 1066 sed
777 1010 858 1066 omni

158 1094 305 1172 Tempore
328 1093 456 1150 tironem
479 1107 537 1149 non
561 1089 639 1150 lovet
661 1087 710 1149 illa
733 1108 830 1150 suum.

115 1175 217 1238 Gloria
239 1178 265 1235 si
288 1173 415 1235 retrahit
436 1172 557 1242 vultum,
581 1174 700 1234 lortuna
722 1174 845 1243 recedit,

158 1261 195 1321 Et
218 1260 337 1336 gravius
359 1275 476 1320 summo
499 1255 628 1317 culmine
651 1275 747 1317 mersa
771 1267 870 1319 ruunt.

114 1343 204 1422 Troja
227 1340 319 1404 semel
340 1344 414 1404 istos
437 1360 496 1403 nou
520 1360 551 1403 es
575 1350 695 1420 experta
719 1341 846 1412 labores,

158 1429 229 1489 Sors
252 1445 328 1506 quae
350 1427 526 1488 multociens
549 1426 656 1487 accidit
678 1428 733 1488 ista
758 1427 823 1489 tibi.

277 1573 405 1643 [uuum
424 1573 548 1630 etcum
566 1573 664 1627 rium
682 1573 916 1646 Poscuntur]

116 1682 203 1743 Pacis
226 1688 374 1741 amatores
396 1679 556 1739 intendunt
578 1697 653 1748 esse,
677 1683 777 1758 quiete
809 1714 810 1717 =

157 1766 274 1826 Ducere
297 1781 351 1843 per
373 1767 488 1842 patrios
509 1764 568 1822 otia
593 1763 667 1824 laeta
690 1764 776 1834 lares,

117 1850 230 1910 Uxores
252 1849 396 1909 redimire
418 1846 537 1926 probas,
562 1865 732 1925 puerosque
755 1847 903 1910 decennes

157 1934 194 1993 Et
215 1936 301 2014 quasi
324 1932 452 2009 dilapsas
473 1932 634 1992 conciliare
658 1929 770 1993 domos.

111 2017 177 2078 Sub
200 2036 258 2096 qua
281 2015 431 2086 decubuit,
455 2016 646 2093 requiescere
668 2015 772 2094 diligit,
797 2015 902 2078 umbra

157 2102 272 2163 Taurus
296 2107 324 2161 et
346 2102 487 2162 amissum
511 2104 628 2178 quaerit
650 2099 725 2162 ovile
747 2120 847 2181 pecus.

112 2183 235 2247 llulcius
257 2187 286 2246 in
310 2186 405 2247 solitis
428 2193 526 2246 cantat
548 2185 705 2264 philomela
728 2185 851 2255 rubetis

156 2270 286 2331 Eventus
309 2273 406 2332 varios
428 2289 477 2330 res
500 2288 574 2330 uova
598 2289 717 2349 semper
740 2269 838 2330 habet.

110 2353 265 2416 Litterulis
287 2354 435 2416 dominam
459 2353 504 2414 vel
526 2371 615 2431 saepe
637 2353 755 2422 salutat,
779 2364 812 2415 ut
833 2357 912 2415 inter

156 2438 273 2500 Funera
295 2446 340 2499 tot
361 2439 470 2500 totiens
491 2456 531 2512 se·
545 2456 704 2516 superesse
725 2439 808 2499 sciat.

110 2521 208 2602 ‘Saepe
231 2525 353 2585 remissa
376 2524 439 2583 viro
461 2521 594 2582 mulieris
617 2521 740 2601 epistola
764 2523 846 2584 dicit:

156 2605 203 2667 Nil
227 2606 298 2667 mihi
319 2606 485 2681 rescribas,
501 2613 629 2668 attamen
652 2608 715 2686 ipse
738 2608 819 2668 veni!
1044 2615 1079 2665 4ο

113 2691 188 2752 Nam
212 2708 392 2769 quamquam
415 2710 504 2770 sapor
526 2700 572 2751 est
593 2691 680 2752 311313
705 2691 799 2752 dulcis
823 2694 854 2751 in
877 2691 965 2759 unda,
1010 2718 1023 2737 ν

156 2775 275 2837 Gratius
299 2795 333 2836 ex
356 2777 422 2855 ipso
444 2776 525 2837 fonte
548 2775 691 2836 bibuntur
714 2794 816 2854 aquae.

114 2911 317 2920 ——0———.-

180 2995 220 3044 15.
240 2995 280 3047 16.
299 2993 447 3045 Claudiani
470 2999 548 3045 sunt:
575 2994 609 3043 de
632 2999 704 3059 rapt.
727 2994 855 3059 Proserp.
878 2993 968 3058 praei.
990 2996 1017 3044 9.
1037 2995 1077 3044 to.

112 3063 152 3113 16.
171 3061 238 3112 (iod.
257 3061 395 3116 dedicere.
451 3065 494 3112 110.
513 3077 561 3126 pro
581 3061 685 3112 ducunt
703 3062 761 3113 eod.
808 3065 849 3114 st.
867 3060 954 3126 glosa.
972 3059 1079 3126 allegat

110 3142 158 3192 per
180 3129 243 3190 hos,
267 3129 367 3193 quide
385 3128 448 3179 31113
467 3129 626 3194 regionibus
645 3130 755 3180 evocati
768 3127 829 3192 jam
847 3144 897 3194 per
914 3129 1079 3180 decennium

111 3200 244 3247 steterunt
261 3200 358 3248 contra
375 3194 507 3253 Graecos
574 3198 684 3251 33-35.
703 3195 879 3263 (Maxim.)1‚
901 3197 1012 3259 45-47,
1031 3196 1078 3246 ubi

109 3269 203 3325 tamen
220 3265 323 3330 primus
340 3278 451 3315 versus:

190 3330 245 3382 Sub
264 3347 318 3397 qua
335 3330 466 3382 decubuit
484 3332 671 3396 requiescens,
690 3330 783 3397 diligit
800 3332 922 3382 umbram
941 3336 994 3385 etc.

108 3399 153 3450 36.
172 3396 305 3461 (Maxim.)
295 3397 345 3458 1,Ι
364 3401 414 3458 52.
492 3400 532 3451 38.
550 3413 656 3464 margo.
673 3397 777 3464 probet.
859 3401 902 3451 to.
922 3398 1016 3450 Ovidii
1035 3403 1078 3449 est

109 3465 694 3532 1131311111.414110311111Ρ331.
713 3465 763 3528 111,
782 3467 869 3527 6,17.
888 3467 930 3518 ts
