2378 3810
142 164 203 225 114
455 130 580 216 muru.
604 183 635 217 -ν,
654 168 796 218 era-too.

101 352 104 358 ·
140 317 265 380 Fraudis
288 317 323 379 ad
346 318 483 379 incudem
507 318 641 380 defertur
663 318 791 379 mallens
812 319 874 378 irae
1060 331 1121 380 375·

185 401 306 462 Vindice
330 401 479 464 fabricans
501 405 571 482 igne
594 403 706 464 doloris
730 421 829 464 acum.

146 489 316 548 Femineam
340 487 475 548 fraudem
499 504 586 548 nemo
610 490 748 565 cognovit
770 487 807 548 ad
829 504 959 565 unguem

187 571 251 633 Scit
274 574 367 649 magis
389 571 559 634 instabilem
584 572 715 652 pendere
738 570 838 631 nullus
860 589 953 633 avem.

144 656 253 716 Evocat
275 655 349 716 haec
372 656 525 717 Paridem:
549 659 627 718 nosti
649 660 751 738 pratris,
774 657 878 735 inquit,
901 656 1044 718 Achillem

186 739 322 801 Hectoris
346 749 375 800 et
396 739 490 800 Troili
513 740 646 802 membra
669 739 786 801 dedisse
808 742 890 808 neci;
1059 753 1118 802 380

144 825 210 896 Quo
234 824 373 884 damnum
397 827 510 903 patriae
533 825 615 886 dedit
636 822 838 902 insuperabile
862 833 991 896 nostrae,

187 909 262 969 Nam
284 908 391 987 Trojae
414 909 537 988 clypeus
559 928 663 970 murus
686 917 824 970 eternus
847 917 941 970 erant.

145 991 262 1054 Laudes
286 994 407 1052 eximias
429 993 475 1053 his
497 993 591 1055 indita
614 1012 733 1073 semper
756 991 904 1064 honestas,

186 1074 287 1137 Inclita
312 1075 426 1148 militia,
450 1077 566 1156 perdita
591 1080 645 1137 rita
670 1077 761 1138 dedit.

144 1163 210 1223 Scis
233 1165 320 1222 etiam
345 1162 424 1241 quod
448 1171 511 1222 erat
532 1162 712 1223 fortissimus
736 1180 813 1222 unus
837 1160 970 1232 0101101,
1059 1172 1113 1222 385

187 1247 220 1306 ln
243 1247 337 1307 stadio
358 1244 461 1305 mundi
483 1263 542 1305 non
565 1246 696 1307 habuere
718 1263 816 1325 pares.

146 1331 238 1391 Fatur
261 1336 291 1390 et
311 1331 343 1389 in
366 1330 455 1389 lando
478 1330 627 1408 singultus
649 1333 712 1407 ipsa
736 1329 887 1406 loquentis

188 1413 315 1474 Verbnla
340 1413 518 1488 delacerent
543 1416 647 1493 vixque
670 1431 776 1475 sonare
800 1415 909 1475 sinunt.

144 1499 303 1573 Articulata
327 1499 491 1574 peruror,
515 1498 616 1575 prodit
637 1497 825 1560 inarticulata

187 1583 224 1642 Et
246 1582 414 1660 singultatis
437 1581 560 1662 subjicit
581 1580 630 1642 illa
654 1584 744 1643 sonis.
1061 1594 1116 1644 300

147 1667 233 1727 Nunc
256 1667 385 1745 primum
408 1665 481 1728 llore
504 1666 674 1737 renitebant
696 1666 783 1728 ambo
804 1664 952 1744 juventae,

188 1752 260 1811 Vae!
289 1753 343 1811 toti
365 1752 479 1829 patriae
503 1770 593 1832 quum
617 1749 865 1815 cecideremale!

144 1836 279 1897 Dedecus
301 1835 358 1896 hoc
380 1836 569 1915 reprehende
592 1838 660 1906 tuis,
684 1837 709 1895 si
731 1834 816 1896 miles
839 1853 881 1911 es,
904 1837 1003 1906 armis,

188 1921 220 1980 Si
242 1922 323 1990 vivis,
347 1923 423 1981 tanti
447 1921 580 1982 criminis
602 1919 681 1981 ultor
704 1921 774 1980 eris.

148 2005 270 2083 Quoque
294 2004 381 2064 modo
404 2007 508 2082 possis,
533 2022 618 2065 aures
641 2004 769 2079 adverte,
794 2002 917 2074 docebo,
1063 2013 1118 2064 395

188 2088 291 2148 Nitere
314 2088 451 2149 doctrina
473 2088 617 2168 providus
639 2107 703 2150 esse
725 2107 801 2149 mea.

148 2173 231 2232 Etsi
254 2189 313 2232 non
338 2176 453 2250 poteris
475 2174 531 2233 hoo
554 2171 678 2242 viribus,
702 2179 765 2232 arte
788 2173 907 2242 fruaris,

188 2258 258 2316 Arte
282 2255 392 2316 cadunt
413 2267 521 2326 turres,
545 2264 607 2317 arte
630 2255 744 2317 levatur
767 2273 852 2317 onus.
944 2330 947 2335 Ι

149 2342 179 2402 Si
202 2343 267 2420 quis
291 2359 373 2400 avem
397 2343 468 2402 velit
490 2348 519 2402 et
541 2342 628 2402 aliam
651 2360 715 2401 rem
738 2340 895 2418 prendere,
919 2339 1009 2402 rebus

192 2425 362 2486 Prendendi
385 2428 463 2487 caris
486 2431 612 2504 occupet
633 2423 681 2485 ille
704 2423 819 2494 looum;
1063 2435 1119 2485 400

152 2509 322 2571 Abscondat
343 2510 474 2589 laqueos,
499 2508 622 2589 laqueus
645 2511 670 2570 si
693 2510 769 2569 sorte
791 2509 917 2576 videtur,

192 2595 251 2654 Res
274 2594 447 2671 prendenda
470 2595 554 2672 sugit,
579 2611 706 2673 spesque
729 2592 834 2667 relicta
856 2595 945 2672 perit.

152 2681 261 2739 Cautus
285 2681 363 2737 enim
387 2680 501 2738 foveam
524 2680 630 2739 metuit
651 2677 739 2757 lupus
762 2679 973 2756 accipiterque,

191 2763 351 2841 Suspectos
374 2762 496 2841 laqueos
517 2773 549 2824 tu
573 2780 691 2842 quoque
714 2761 800 2822 milve
822 2763 913 2839 iugis.

146 2847 290 2908 Providus
313 2853 365 2920 est,
389 2850 508 2926 sapiens
532 2855 584 2916 est,
609 2846 703 2915 lortis,
728 2852 831 2908 cautus
854 2843 998 2906 Achilles:
1064 2855 1119 2904 405

192 2934 247 2993 115
270 2938 389 2993 cautum
413 2941 497 2993 caute
520 2932 623 2992 lallere
646 2939 731 2993 cauta
754 2931 838 2991 solet.

216 3120 275 3168 394.
293 3118 381 3181 Marg.
400 3116 428 3166 Si
446 3117 555 3167 vividus
569 3131 607 3166 05.
679 3117 737 3167 395.
757 3119 800 3165 051
818 3113 946 3165 Gualteri
963 3109 1118 3168 Alexandr.

148 3187 170 3248 Ι,
189 3201 217 3237 v.
236 3186 277 3235 83.
347 3186 404 3235 398.
423 3184 558 3248 Pamphil.
576 3184 628 3241 ΙΙΙ,
648 3185 688 3234 14.
726 3183 813 3232 Totus
832 3181 1119 3234 11010015391-403

146 3252 317 3317 periphrasis
348 3259 390 3301 051
418 3252 566 3317 Pamphilii
594 3251 651 3315 III,
671 3254 702 3300 12
721 3265 778 3315 sqq.
865 3253 924 3301 403.
942 3253 967 3300 4.
993 3248 1119 3300 Imitatio

146 3322 245 3371 Horat.
263 3321 314 3385 Ep,
333 3319 355 3378 1,
376 3322 416 3381 16,
436 3322 477 3370 50.
495 3322 536 3373 bl.

216 3388 323 3439 Cautus
342 3388 413 3437 enim
432 3388 529 3437 metuit
548 3387 657 3437 foveam
675 3386 756 3451 lupus
776 3386 962 3450 accipiterque

217 3453 366 3520 Suspeotos
385 3454 499 3520 loqueos
517 3459 545 3504 01
564 3458 688 3519 opertum
706 3453 807 3504 miluus
825 3455 945 3507 hamum.
