2378 3810
118 173 178 255 102
444 176 506 227 Lib.
524 176 571 228 lv.
606 194 633 232 v.
652 179 759 233 19-48,
819 229 820 233 ,
914 210 917 215 ,

114 328 188 399 Quid
213 329 292 398 iacit,
317 347 354 390 au
376 329 451 392 iacta
475 330 588 391 tuerint
609 348 662 392 sua
685 333 825 392 strenua?
848 339 989 412 quaeret;

159 412 282 475 Ostendi
305 412 398 476 solem
421 413 552 494 poetuiat
574 413 623 476 iile
646 414 713 477 sihi.
1051 427 1084 477 20

112 497 178 558 Non
202 506 266 559 erat
288 497 367 559 illius
389 501 482 560 virtus
505 498 665 578 aliquando
687 499 811 578 sepulta,

157 582 300 643 Omnibus
324 586 464 645 eximium
488 583 622 644 reddidit
643 583 695 645 iiie
715 582 814 663 jubar.

112 665 224 745 Regem
248 669 381 746 perficite
403 686 554 746 proceres,
578 670 629 748 qui
651 668 764 749 proelia
788 670 877 731 ducat

154 750 297 814 Hostibus
319 761 467 822 occurrat,
491 757 620 831 imperet
643 762 732 833 atque
754 761 849 832 regat.¹

113 835 177 906 Quo
200 839 284 915 prius
306 844 351 898 est
372 836 488 898 meiius.
534 837 600 898 Non
624 848 668 899 est
691 856 774 899 mora
797 837 895 901 libera
917 838 1021 911 nobis;
1049 849 1082 898 25

156 919 260 981 Nonne
283 922 367 983 vides
386 922 487 983 hostes
507 921 568 1002 jam
591 940 729 984 reserare
751 923 849 984 iores?

111 1003 249 1065 Nondum
273 1008 391 1068 finierat
413 1007 530 1074 Nestor,
555 1010 707 1068 concurrit
729 1010 759 1068 iu
784 1011 880 1085 ipsum

155 1090 266 1150 Concio
288 1092 456 1154 consilium.
501 1090 598 1153 Verba
620 1093 704 1153 iuere
727 1092 850 1153 ducum:

113 1174 157 1234 Sit
178 1193 241 1244 rex,
266 1177 305 1236 sit
326 1179 468 1255 princeps
491 1177 704 1254 Agamemnon,
727 1183 863 1256 tempore
886 1177 971 1257 cujus

154 1261 266 1320 Graeca
290 1261 448 1322 fruebatur
470 1263 669 1340 prosperitate
692 1260 808 1327 domus.
1049 1271 1083 1320 30

113 1342 168 1402 Hic
190 1363 243 1404 rex
267 1347 402 1423 erigitur,
427 1345 562 1405 diadema
585 1342 708 1416 levatur,

153 1427 209 1498 Qui
232 1427 425 1490 laudabiliter
447 1448 499 1490 rex
524 1437 590 1490 erat
612 1440 688 1499 aute,
712 1431 810 1492 datur.

239 1625 396 1682 TROILUS
414 1627 540 1682 FUGAT
559 1627 726 1684 GRAECOS
745 1627 785 1682 IN
803 1626 952 1682 CASTRA.

109 1767 208 1827 Aurea
231 1767 326 1843 pingit
348 1785 436 1845 agros
457 1768 584 1838 Aurora,
608 1767 744 1828 feruntur
769 1767 803 1827 ad
828 1785 909 1829 arma

152 1850 307 1913 Dardanus
329 1859 357 1912 et
380 1852 513 1920 Danaus;
537 1854 569 1913 iit
591 1869 666 1913 nova
689 1869 779 1913 causa
801 1856 895 1913 necis.

110 1935 279 1996 instaurant
301 1937 415 1998 alacres
438 1936 507 1998 beili
531 1936 703 1999 discrimina
725 1937 831 2005 Troes,
1020 1945 1082 1995 -35

153 2019 275 2080 Graecis
297 2021 449 2089 insultant,
474 2022 529 2083 hos
552 2023 615 2082 siue
637 2039 709 2099 rege
732 2029 844 2101 putant.

111 2103 239 2164 Troibus
260 2104 403 2166 audacter
426 2107 557 2168 occurrit
578 2125 633 2167 rex
655 2108 865 2185 Agamemnon,

152 2187 307 2267 Argolicos
330 2193 451 2259 animat,
473 2192 563 2252 iortia
586 2191 675 2252 corda
698 2198 788 2252 creat.

113 2271 191 2342 Quid
215 2276 337 2335 moror?
359 2285 530 2351 accurrunt,
553 2281 745 2343 concurrunt,
769 2273 890 2335 vulnera
912 2273 1038 2345 findunt,

153 2358 270 2420 Funera
294 2358 447 2438 dejiciunt,
471 2380 503 2422 se
525 2359 719 2438 glomerando
741 2367 891 2438 premunt.
1048 2369 1084 2418 40

106 2436 161 2511 'Se
185 2442 264 2519 velut
287 2447 391 2506 intorti
414 2449 473 2506 siut
496 2447 727 2523 circumcunque
750 2442 866 2522 capilii,

152 2526 294 2588 Eiiiciunt
317 2548 408 2590 unum
431 2528 668 2610 pm‘terebrandc
691 2527 824 2605 globum.

112 2609 220 2688 Majori
243 2629 299 2690 pro
323 2623 407 2692 parte
430 2615 492 2674 dies
515 2614 699 2674 consumitur
722 2612 776 2673 hac
799 2630 841 2682 re,

153 2695 318 2774 Diffugiunt
339 2699 459 2760 taudem
483 2706 581 2774 strage
603 2705 728 2777 parante
751 2698 860 2774 iugam,

110 2779 253 2842 Evehitur
275 2781 403 2852 Troiius,
427 2792 583 2862 reparatur
606 2784 714 2861 pugna:
737 2780 875 2841 iurantur
1048 2788 1083 2839 45

153 2863 292 2936 Vuinera,
316 2875 493 2928 sternuntur
516 2885 643 2947 corpora
667 2865 757 2928 caede
780 2883 864 2927 nova.

110 2947 241 3011 Fortiter
263 2971 278 3012 a
301 2960 387 3032 parte
409 2961 559 3031 pugnatur
582 2960 718 3030 utraque,
741 2949 794 3011 sed
817 2951 912 3026 Argos

151 3033 302 3113 lnpeileus
324 3036 443 3097 Troiius
465 3039 496 3098 in
520 3054 572 3097 sua
595 3043 691 3096 castra
714 3036 805 3114 fugat,

117 3191 320 3200 ———-

110 3270 150 3324 to.
167 3273 208 3322 20.
227 3270 278 3322 Ov.
299 3272 382 3323 Trist.
404 3274 438 3336 V,
457 3275 480 3334 4,
502 3275 527 3324 t.
547 3274 563 3323 8

228 3339 373 3391 Tristitiee
391 3356 505 3392 causam
523 3341 547 3391 si
566 3339 627 3405 quis
646 3351 814 3402 cognoscere
834 3335 942 3402 quaerit

281 3407 399 3460 Ostendi
416 3408 502 3460 solem
520 3407 644 3473 postulet
662 3406 711 3456 ille
729 3405 795 3460 eibi,

93 3474 136 3526 36,
157 3488 272 3540 margo:
287 3492 387 3543 pugna
406 3476 507 3531 XIVa.
809 3485 814 3499 ‘
