2378 3810
116 177 178 242 180
417 180 479 228 mo.
498 180 544 231 rr.
580 182 769 235 asor-412.

382 359 631 429 [EXPUGNATIO
651 361 807 430 TROIAE]

113 469 242 546 Tempus
265 474 336 536 crat,
361 485 419 544 quo
441 467 536 545 prima
561 467 643 546 quies
665 468 800 528 mortalia
825 468 957 530 membra

21 596 26 607 .
155 549 253 611 Inficit
276 559 306 611 ot
328 550 484 612 cerebrum
508 553 621 627 gratior
644 549 715 611 hora
741 552 819 624 linit;

46 628 51 637 ’
113 635 240 697 Lumine
263 643 421 714 conspecto
444 641 607 714 properant
629 636 664 694 ad
688 635 832 712 Pergama
856 639 961 699 Graeci

155 718 294 791 Quolibet
317 721 442 780 accincti
465 717 583 780 sortiter
606 737 676 780 ense
700 739 765 781 suo.

112 805 252 883 lrrupore
275 804 382 872 Thoas
406 803 540 870 Adamas,
565 802 635 881 aljar
661 814 689 864 et
710 805 834 884 Epimus
1031 818 1084 869 395

156 888 256 949 Paene
279 889 397 967 quidam
422 889 535 966 primus
559 889 621 966 ipse
643 889 785 949 Machaon
809 899 883 950 erat.

112 971 289 1042 Tessander‚
314 972 482 1038 Sthenelus,
507 970 668 1041 Menelaus
692 972 809 1041 Nestor,
834 974 934 1036 Ulixes

153 1057 246 1117 lmmo
269 1056 385 1133 globata
407 1055 494 1117 simul
518 1056 625 1117 Dorica
649 1065 708 1116 tota
732 1056 868 1136 phalanx.

110 1141 255 1202 Invadunt
277 1141 382 1202 urbem
406 1159 509 1202 somno
532 1159 675 1219 meroque
698 1141 854 1220 sepultam,

153 1226 225 1288 Ilico
249 1224 388 1304 dejicitur
411 1227 508 1287 omnis
531 1224 567 1285 ab
590 1243 659 1286 arce
682 1226 759 1304 vigil.
905 1302 908 1306 Α
1028 1240 1082 1289 400

110 1311 195 1371 Tunc
218 1310 345 1370 mediam
369 1313 430 1370 ruit
452 1312 480 1370 in
504 1308 609 1369 urbem
634 1328 793 1373 numerosa
813 1309 961 1389 juventus,

154 1393 239 1455 Tunc
262 1392 391 1471 gladium
415 1395 512 1470 coepit
535 1395 632 1453 lerrea
656 1395 736 1455 lerre
758 1414 875 1457 manus.
909 1399 911 1404 ’

110 1477 277 1555 Aggeribus
299 1481 398 1557 ruptis
421 1481 464 1537 sic
486 1495 628 1556 spumeus
651 1480 744 1539 ellluit
766 1483 861 1540 amnis

152 1562 191 1623 Et
214 1563 302 1623 nimis
325 1565 436 1623 insanis
457 1560 560 1639 jugera
584 1571 700 1641 pressat
722 1567 817 1640 aquis.

111 1647 295 1707 Teucrorum
320 1655 435 1708 mentes
457 1647 709 1725 inopinatissimus
731 1648 822 1709 intrat
1030 1661 1080 1709 405

152 1731 275 1800 llorror,
299 1731 449 1792 inauditus
473 1734 604 1792 concutit
627 1750 692 1792 ossa
716 1741 838 1794 tremor.

110 1815 320 1884 Nec-mirum;
345 1825 427 1876 tanto
450 1814 620 1876 terebratur
642 1816 731 1894 Troja
757 1817 874 1893 lragore

152 1899 285 1979 Tamque
307 1919 426 1978 gravem
449 1901 590 1980 strepitus
612 1900 741 1960 reddidit
763 1899 813 1962 ille
835 1919 950 1971 sonum,

112 1984 150 2045 Ut
174 1987 279 2045 credas
301 2002 404 2045 ornnes
426 1988 552 2062 agitasse
576 1986 705 2047 tonitrua
729 1994 831 2046 ventos

154 2067 203 2128 Vel
227 2071 320 2145 magis
342 2071 372 2128 in
396 2072 523 2147 primum
548 2077 652 2129 crrncta
676 2072 773 2130 ruisse
795 2070 895 2131 chaos,
1029 2081 1081 2130 410

110 2154 247 2213 Armatos
270 2161 365 2213 astare
388 2153 519 2231 Phryges
542 2155 573 2212 in
596 2152 707 2214 lumine
730 2156 827 2233 primo

154 2237 188 2296 Et
213 2237 313 2298 stricto
336 2244 435 2317 postes
458 2255 528 2298 ense
551 2254 657 2298 sonare
680 2247 820 2299 tremunt.

177 2392 234 2445 391.
254 2393 295 2445 92.
314 2391 390 2455 Virg.
409 2392 476 2443 Aen.
494 2393 532 2454 11,
551 2394 609 2443 268.
628 2393 669 2442 69.

195 2457 317 2523 Tempus
333 2463 403 2524 erat,
424 2475 476 2525 quo
496 2461 583 2524 prima
601 2460 679 2525 quies
697 2458 861 2511 mortalibus
878 2461 970 2525 aegris

192 2525 303 2591 Incipit,
325 2531 354 2576 et
372 2527 442 2576 dono
460 2527 560 2577 Divum
579 2527 738 2592 gratissima
757 2527 850 2593 serpit.

30 2632 33 2639 .
107 2595 166 2644 395.
190 2608 297 2659 margo:
325 2596 436 2659 propria
461 2596 581 2649 uomina,
608 2621 641 2630 -
668 2595 794 2659 Epimum
820 2596 976 2645 invenimus
1005 2594 1080 2661 apud

76 2704 78 2711 .
109 2660 256 2725 Virgilium
274 2662 324 2712 suh
344 2663 453 2711 nomine
471 2663 550 2727 Epei.
567 2661 643 2728 Virg.
663 2662 731 2711 Aen.
750 2661 787 2724 Il,
805 2663 864 2711 262.
882 2663 923 2713 63.
943 2663 986 2712 64.

394 2756 429 2764 -
445 2756 478 2765 ·-
497 2730 683 2794 Athamasque
702 2728 848 2793 Thoasque

210 2797 376 2862 Pelidesque
394 2796 607 2862 Neoptolemus?
627 2797 784 2862 primusque
802 2795 948 2859 Machaon,

212 2864 249 2913 Et
265 2864 419 2926 Menelaus,
438 2872 466 2914 et
484 2865 546 2930 ipse
564 2864 620 2914 doli
637 2863 788 2914 fabricator
804 2865 896 2929 Epeus

109 2932 168 2983 397.
187 2932 348 2986 Tessander.
367 2932 445 2996 Virg.
463 2934 531 2984 Aen.
548 2932 585 2995 11,
603 2933 651 2982 261

203 3000 356 3050 Tisandrus
374 2998 574 3063 Sthenelusque
593 2999 687 3061 duces,
705 3002 734 3048 et
751 2997 830 3050 divus
849 2998 975 3063 Ulysses.

107 3068 166 3117 399.
184 3067 263 3132 Virg.
281 3067 347 3118 Aen.
366 3068 404 3131 ΙΙ,
423 3069 481 3117 265.
551 3069 610 3117 401.
628 3065 740 3116 Gualth.
758 3066 840 3116 Alex.
858 3066 881 3129 1,
898 3067 957 3116 322.
976 3068 1017 3117 23.

377 3161 409 3170 -
428 3161 474 3192 -‚
493 3134 550 3183 ruit
567 3134 656 3183 omnis
674 3135 703 3183 in
721 3135 816 3184 urbem

74 3226 77 3232 ·
311 3202 415 3265 Turba,
432 3203 506 3266 perit
524 3207 575 3251 etc.

105 3272 166 3322 403.
185 3269 243 3321 cod.
264 3270 353 3320 annis.
371 3269 449 3334 Virg.
466 3268 536 3318 Aen.
554 3270 592 3333 Π,
610 3269 661 3319 496
679 3283 738 3333 sqq.

224 3337 355 3400 Nausic,
373 3336 522 3403 aggeribus
542 3337 631 3402 ruptis
650 3351 710 3386 cum
730 3349 859 3400 spumeus
877 3336 967 3387 amnis

224 3405 517 3470 Exit,²opposltasque
537 3405 621 3454 evicit
638 3404 747 3470 gurgite
765 3403 852 3454 moles

216 3473 320 3524 Fertur
339 3478 394 3526 ete.

103 3726 181 3771 ·.
286 3700 298 3777 j
