2378 3810
102 244 106 250 ,
160 173 202 236 42
481 175 542 229 ura.
562 173 598 223 rr.
633 175 805 225 noa-122.

204 329 240 389 Et
262 328 320 405 pia,
343 328 369 386 si
389 325 476 404 longa
499 326 562 387 vult
584 327 714 386 tacuisse
736 345 830 387 mora.

162 412 265 473 Audax
287 413 316 471 in
338 411 426 473 bellis
448 413 614 471 acerrimus
636 421 682 471 est
705 410 871 482 Diomedes,

204 496 351 556 Strenuus
373 505 404 556 et
424 497 511 556 fortis
532 492 628 555 vultus
650 495 794 555 honestus
809 498 856 556 ei.

160 588 305 643 Austerus
327 578 473 640 clamosus
496 587 561 638 erat
582 578 739 658 calidoque
761 580 897 651 cerebro,
1093 593 1128 642 95

207 664 339 742 Corpore
363 663 525 741 quadratus
546 665 762 743 impatiensque
784 666 883 726 satis.

161 747 378 826 Triptolemum
401 749 516 819 noscis3
541 763 665 822 maguus
688 749 742 808 iuit
764 755 853 828 atque
877 749 967 810 virilis

205 832 322 911 Optima
347 833 441 891 iorma
464 830 521 891 sibi
544 832 596 892 sed
619 832 804 893 stomachosa
828 835 963 913 quidem;

160 919 295 990 Blaesus,
317 917 449 976 aduncus
472 922 535 976 erat
557 914 640 976 velox
663 917 818 994 oculisque
840 919 984 990 rotundis,

76 1062 81 1071 ,
203 999 257 1061 Cui
280 1001 369 1061 iacies
392 999 506 1080 hilaris,
530 1000 611 1078 larga
633 1001 812 1078 superciliis.
1076 1014 1127 1062 100

97 1122 107 1142 κ.
160 1085 309 1148 Candidus
332 1094 360 1145 et
382 1102 517 1162 maguus,
540 1103 613 1145 naso
635 1103 754 1164 quoque
776 1085 883 1148 Nestor
904 1086 1039 1149 obuncus

203 1169 329 1248 llapsilis
352 1178 381 1231 et
404 1171 532 1248 sapiens,
555 1167 741 1229 consiliando
763 1188 862 1248 sagax.

160 1253 283 1314 Mittitur
306 1253 406 1314 lliacas
428 1254 522 1314 audax
545 1261 646 1314 orator
669 1254 704 1313 ad
728 1272 823 1326 arces,

203 1337 328 1399 Nestora
352 1335 472 1397 laudare
496 1354 563 1396 cum
588 1337 732 1398 Cicerone
755 1349 849 1418 potes.
1166 1405 1169 1409 ,

160 1421 309 1482 Candidus
331 1429 360 1483 et
384 1421 559 1481 temerarius
581 1439 622 1489 es,
645 1421 701 1482 tibi
722 1424 821 1484 vultus
842 1423 996 1494 honestus,
1075 1433 1125 1484 105

202 1506 311 1566 Fidens
333 1509 362 1566 in
386 1505 500 1566 celeres
521 1505 703 1566 Protesialae
724 1507 829 1585 pedes!

160 1591 378 1666 Magnanimum
401 1590 540 1667 gracilem
563 1591 726 1668 sapientem
750 1591 796 1650 dic
818 1591 1018 1671 Palamedem,

202 1673 340 1744 Blandus,
364 1675 519 1744 iacundus,
543 1674 716 1735 ambitiosus
738 1685 813 1736 erat.

52 1758 64 1771 '
159 1762 195 1820 m
218 1777 335 1820 crassus
356 1758 521 1837 Polydorus
543 1768 608 1819 erat
629 1758 820 1821 Neoclecicus
842 1760 937 1822 audax

202 1844 315 1912 Tristis,
339 1843 519 1922 pervalidus,
542 1851 641 1903 mente
663 1847 788 1904 timente
811 1853 922 1906 tacens.
1075 1855 1124 1904 110

159 1928 296 2003 Magnum
319 1929 497 2007 prudentem
520 1927 682 2006 dicuntque
704 1928 864 1990 Machaona
887 1931 1005 1998 lortem,

200 2013 255 2071 Hic
277 2011 366 2071 simul
388 2021 418 2071 et
440 2013 555 2088 patiens
578 2013 821 2092 compatiensque
844 2014 906 2073 luit.

158 2096 322 2156 Marionem
345 2097 444 2156 ruium
467 2112 561 2173 ponas
583 2096 635 2155 sed
658 2107 687 2156 et
708 2098 913 2175 impatientem

203 2179 245 2246 Et,
270 2181 338 2255 quia
361 2181 399 2239 sit
421 2179 545 2256 medius,
570 2197 706 2259 corpore,
730 2190 830 2242 mente
852 2189 951 2243 tenax.

158 2263 263 2324 Dicere
286 2282 353 2323 cum
377 2264 453 2324 volui
476 2282 562 2343 quam
585 2267 721 2343 pertinax
745 2274 833 2340 esset,
855 2266 928 2326 oriri
1073 2276 1122 2324 tlt

199 2348 246 2410 Me
270 2359 372 2409 contra
395 2352 495 2427 coepit
516 2351 652 2426 protinus
674 2352 720 2409 ira
742 2351 839 2409 metri.

160 2434 205 2493 Me
229 2434 304 2493 duce
327 2436 378 2513 qui
401 2435 498 2502 toties,
522 2434 628 2512 inquit,
652 2452 718 2495 mea
740 2436 824 2510 sigua
847 2433 950 2504 tulisti,

200 2516 273 2586 Quis
295 2518 383 2577 modo
406 2519 555 2595 persuasit
576 2518 624 2579 illa
647 2535 758 2594 negare
781 2518 847 2578 tibi.

157 2601 262 2662 Exitus
284 2609 347 2660 acta
370 2601 491 2680 probat3
514 2602 588 2669 linis,
611 2620 672 2662 uon
694 2619 792 2680 pugna
816 2611 947 2672 coronat,

200 2684 368 2745 Laudamus
390 2685 508 2746 taudem
531 2685 594 2745 sole
616 2688 741 2746 cadente
764 2687 853 2747 diem.
1071 2697 1120 2746 120

157 2769 263 2830 Nostra
286 2768 481 2847 probabiliter
504 2767 563 2831 huc
587 2788 680 2848 usquc
703 2779 823 2832 secutus
846 2789 878 2832 es
900 2789 991 2841 arma,

198 2853 285 2914 Nunc
307 2855 391 2930 quasi
414 2854 555 2915 delicians
577 2855 626 2914 ilia
650 2855 735 2916 ducis
757 2859 850 2916 iners.

223 3124 264 3176 et.
288 3138 336 3187 pro
353 3121 532 3191 Triptolemo,
555 3126 644 3174 Dares
663 3123 779 3188 praebet
796 3122 1016 3189 Neoptolemum.
1053 3122 1121 3177 cod

155 3184 363 3254 Triptolomum.
433 3194 474 3243 99.
498 3206 532 3240 ex
554 3190 678 3255 margine
702 3191 823 3241 aduncus
847 3191 920 3256 quod
944 3191 1029 3242 etiam
1048 3188 1122 3256 opud

154 3260 295 3318 Daretem‚
314 3273 363 3322 pro
382 3258 505 3309 adulcue.
558 3261 615 3309 101.
634 3274 703 3309 noso
715 3274 764 3323 pro
777 3272 873 3308 nasum
887 3259 968 3309 cod.·
999 3256 1122 3312 111111·

154 3325 259 3375 luditur
288 3324 414 3376 Oiceron.
443 3325 491 3375 lib.
518 3326 552 3375 de
579 3341 637 3376 eeu.
665 3341 726 3391 cap.
754 3327 794 3376 10.
871 3328 927 3380 100.
957 3324 1121 3389 Polydorus,

154 3393 244 3443 Dares
273 3393 373 3443 habet:
409 3393 577 3444 Podalirium
607 3408 741 3454 crassum,
777 3392 931 3457 volentem,
962 3392 1121 3457 superbum,

154 3459 272 3510 tristem.
343 3463 401 3512 110.
420 3458 473 3511 Or.
492 3460 558 3511 Her.
576 3460 613 3526 ΙΙ,
633 3462 675 3514 85.
710 3461 761 3514 Ex.
780 3463 835 3509 act.
853 3461 930 3525 prob.
