2378 3810
428 156 490 206 777.
510 157 543 207 v,
578 174 603 212 v.
623 159 766 210 ace-rso.
1016 159 1077 225 157

151 307 240 368 Parte
262 308 326 369 iere
348 308 445 369 media
467 327 501 369 re
524 309 700 371 tribulamur
723 330 766 376 ea.

106 391 190 452 Pone
212 393 283 472 quid
306 394 426 471 ingenio
450 394 581 471 vigemus
603 394 796 474 consilioque,

152 475 291 539 Pluribus
314 484 453 538 occurret
475 478 624 556 quomodo
646 497 739 558 pauca
763 480 888 540 manus?

109 560 175 621 Non
199 561 289 623 babet
310 562 389 623 unde
412 580 497 623 suum
521 570 682 642 paupertas
703 571 807 642 pascat
829 581 971 635 amorem,
1026 576 1076 626 765

152 646 232 708 117117
255 646 354 708 brevis
376 665 520 708 numerus
543 665 602 708 nun
626 647 717 709 babet
739 648 819 709 unde
841 658 935 726 gerat.

109 729 186 793 llinc
208 734 234 793 si
256 731 403 809 prodierit
423 730 549 794 illustris
570 731 654 793 miles
676 733 706 793 iu
728 734 824 809 Argos

152 816 229 886 Quot
251 817 301 896 qui
324 816 514 895 praecedent,
539 819 627 896 quive
650 825 822 897 sequentur,
847 819 954 878 erum?

96 903 185 962 e'lum
208 900 284 962 bene
307 901 392 961 lortis
416 919 510 981 equus
531 909 665 963 reserato
688 919 809 963 carcere
832 905 942 971 currit;

152 986 248 1056 Quum
272 1002 347 1065 quos
369 992 546 1062 praetereat,
570 1004 702 1065 quosque
724 993 873 1065 sequatur,
898 986 996 1049 babet.
1013 997 1077 1048 ’770

108 1072 242 1131 Audaces
263 1070 296 1130 fit
318 1086 372 1147 per
395 1071 474 1128 acies
496 1069 637 1130 audacior
659 1070 763 1137 audax,

153 1155 276 1215 Sarcina
300 1152 399 1229 reddit
420 1171 495 1213 onus
516 1154 710 1232 praecipitata
733 1155 842 1214 miuus.

109 1237 226 1300 Pendet
247 1238 277 1296 in
300 1237 348 1298 his
370 1238 486 1315 patriae
508 1255 564 1316 pax
588 1244 618 1297 et
639 1239 762 1298 victoria
786 1235 902 1314 Trojae‚

153 1323 233 1393 Quos
254 1317 325 1381 tulit
346 1321 376 1380 in
399 1328 500 1401 portas
521 1340 576 1402 pes
597 1321 740 1400 fugitivus
762 1322 838 1382 heri.

111 1407 155 1468 En
179 1405 259 1485 quod
280 1408 311 1466 in
333 1405 462 1467 audaces
484 1423 544 1467 non
568 1415 613 1466 est
634 1406 757 1468 audacia
781 1412 843 1468 tuta
903 1485 905 1489 y
1025 1418 1075 1467 775

153 1491 316 1561 Sensimus,
342 1489 380 1550 ob
403 1489 483 1558 belli,
506 1491 587 1570 quod
610 1491 782 1569 toleramus,
806 1509 890 1551 onus.

111 1573 185 1644 Quis
208 1583 325 1636 mentes
346 1574 499 1636 revocabit
520 1575 804 1653 item-gladiumque
826 1575 937 1636 levabit

151 1659 293 1721 Hostibus
315 1661 346 1719 in
367 1659 503 1738 jugulum
525 1660 582 1719 vile
604 1661 688 1738 piare
710 1658 872 1739 probrum?

71 1751 73 1756 '
109 1745 266 1823 Egregium
290 1761 400 1822 corpus
422 1752 467 1803 est
487 1746 574 1820 regni
596 1750 688 1823 tuque
710 1746 826 1821 tuique;

151 1827 257 1888 Nubite
280 1835 312 1888 tu
335 1823 424 1906 caput
446 1846 487 1896 es,
511 1825 613 1888 inclita
636 1827 771 1889 membra
794 1829 847 1886 tui.
1024 1838 1075 1889 780

109 1914 166 1974 Sed
190 1929 315 1974 numero
338 1910 428 1988 longo
450 1910 511 1972 lato
534 1911 697 1989 gaudemus
719 1918 748 1970 et
770 1910 838 1981 alto,

152 1997 315 2077 Tamquam
338 1998 467 2057 victores
489 1997 643 2075 compotus
664 1994 714 2056 ille
736 2003 827 2057 creet.

108 2082 151 2142 'le
174 2098 333 2142 numerosa
355 2079 485 2159 phalanx
507 2082 688 2152 circumstat,
712 2088 742 2141 et
764 2097 834 2142 ecoe
857 2079 992 2143 videmus

153 2166 184 2225 ln
208 2172 292 2245 porta
315 2164 440 2234 Danaos,
464 2183 552 2227 nemo
574 2164 693 2245 repellit
715 2183 774 2226 eos.

110 2251 170 2311 Nos
192 2268 335 2311 numerus
357 2267 469 2321 sumus,
494 2257 523 2310 et
544 2249 647 2335 fruges
668 2268 845 2311 consumere
869 2250 938 2318 nati,
1024 2260 1074 2309 785

154 2334 220 2396 1177
243 2337 294 2412 qui
319 2333 478 2394 defendant
498 2333 591 2393 limen
614 2333 651 2393 ab
673 2332 760 2394 hoste
781 2336 848 2393 riri.

112 2418 177 2478 Non
201 2417 254 2478 tibi
277 2419 327 2478 sed
352 2417 437 2478 nobis
458 2415 604 2477 incumbit
626 2418 740 2476 crimen
763 2415 801 2486 id,
825 2435 842 2474 o
865 2416 931 2475 rex!

151 2503 257 2562 Effecit
279 2498 440 2562 tremulum
463 2517 516 2559 cor
536 2498 606 2577 luga
629 2508 731 2560 nostra
753 2507 847 2561 tuum.

107 2584 246 2648 Consiliis
267 2602 300 2643 es
322 2584 439 2645 auxiliis
461 2582 625 2644 laudandus
648 2584 797 2654 marmio,

148 2667 253 2729 'Stabat
275 2668 330 2729 sub
353 2667 452 2747 gladio
475 2670 571 2747 patria
593 2675 657 2728 tuta
680 2677 740 2730 tuo.
795 2668 798 2671 ’
1023 2680 1073 2730 770

106 2822 309 2833 ..-....-—.-

178 2907 235 2956 7611.
254 2904 336 2957 Ovid.
355 2905 509 2959 11777748.
576 2906 635 2956 769.
654 2907 694 2956 to.
712 2904 793 2960 Ovid.
806 2904 881 2955 Rem.
894 2907 952 2966 595,
973 2922 1007 2957 ex
1019 2921 1072 2972 quo

107 2972 1072 3038 mwwmmfflmmme

108 3040 255 3103 ximienus)
274 3039 353 3104 Eleg.
370 3043 404 3103 V,
422 3043 456 3092 70

208 3109 373 3158 Intermissa
390 3109 481 3158 minus
498 3107 610 3159 7777177
628 3104 733 3174 pondus
751 3106 837 3159 1771771

108 3179 137 3225 71
156 3175 250 3231 Senot
270 3174 459 3231 camn.bucol

208 3244 245 3294 Et
264 3243 354 3294 divisa
372 3244 590 3313 minussercins
607 3241 637 3293 111
655 3245 757 3309 grevia.

104 3311 165 3361 7711.
182 3311 233 3362 Or.
253 3311 320 3362 Met.
337 3312 371 3376 X,
390 3313 441 3363 544

260 3407 291 3415 -
310 3405 342 3415 -
361 3379 525 3432 1777717777
544 3383 659 3430 nonest
678 3379 797 3428 77717717
815 3381 884 3429 tuta.

106 3447 165 3497 678.
185 3445 270 3501 schol.
290 3447 375 3512 fugae
385 3452 497 3500 7771777
508 3446 627 3498 scilicet.
681 3446 740 3500 785,
758 3445 1074 3510 Η7771.717171.Ι,7,77.
