2378 3810
419 187 482 239 111.
500 187 550 240 111.
585 205 612 242 v.
630 189 774 242 aee-ees.
893 146 894 150 Ἴ
1040 189 1080 253 83

115 341 235 405 Somnia
259 358 297 400 ne
318 339 432 409 credes,
457 341 496 400 ait
518 339 636 410 Hector,
659 340 763 402 tallere
786 351 905 410 norunt,

157 425 200 486 lle
223 443 314 505 super
337 423 392 484 bac
416 441 504 484 nemo
527 424 616 486 debet
638 425 749 486 babere
773 427 870 487 tidem.

115 511 220 573 Omnia
244 527 320 590 quae
342 526 431 570 sensu
454 507 611 571 volvuntur
634 519 700 571 vota
724 511 841 586 diurno,
1028 521 1078 571 365

156 597 280 656 Pectore
302 596 399 672 sopito
421 593 521 654 reddit
544 595 637 654 amica
661 597 754 674 quies.

113 683 241 742 Venator
264 679 378 739 defessa
401 678 489 738 tboro
512 697 578 738 cum
603 679 738 740 membra
760 681 886 759 reponit,

156 766 239 826 Mens
263 774 359 824 tamen
384 763 420 823 ad
443 763 540 833 silvas,
565 764 601 824 ad
624 782 676 824 sua
699 764 791 825 lustra
813 765 899 825 redit.

114 849 198 922 Quod
221 849 306 908 timet
328 853 379 908 aut
400 854 500 926 eperat
523 856 573 908 aut
595 848 674 927 quod
698 848 850 909 meditatio
872 851 990 920 format,

156 932 240 1004 Quod
265 930 417 1012 pausando
439 933 527 1012 J'aoet,
551 951 640 1012 saepe
663 933 766 993 videre
789 932 873 994 solet.
1028 943 1079 993 370

113 1018 244 1088 Femina,
269 1017 387 1097 quando
410 1035 482 1077 suus
504 1019 548 1076 vir
570 1019 601 1076 in
624 1017 823 1079 anxietatibus
846 1018 957 1089 haeret,

155 1103 217 1162 Hoc
240 1102 370 1162 videtin
394 1102 514 1171 somnis,
538 1102 617 1180 quod
640 1101 788 1180 vigilando
811 1104 905 1164 timet.

113 1185 230 1248 Frivola
252 1186 360 1254 vidisti,
385 1184 559 1246 muliebrem
583 1203 660 1265 pone
683 1189 833 1256 timorem,

155 1272 288 1333 Flectere
309 1289 369 1331 non
392 1270 482 1331 debet
505 1289 556 1331 cor
580 1269 724 1331 muliebre
747 1272 851 1333 virum.

112 1357 154 1418 ld
177 1357 328 1417 Priamum
351 1356 457 1423 mittit;
482 1357 528 1415 lac
550 1373 612 1426 rex,
636 1358 711 1436 petit
733 1354 792 1423 illa,
816 1356 942 1416 maritus
1027 1363 1077 1413 375

155 1441 215 1502 Hao
238 1442 302 1501 vice
326 1458 363 1500 ne
385 1441 487 1501 Martis
511 1443 681 1518 experiatur
705 1459 789 1519 opus,

112 1525 176 1587 Rex
198 1524 335 1586 Paridem
352 1524 443 1605 jubet
464 1531 493 1584 et
516 1524 659 1585 Helenum
673 1525 878 1603 .Troilumque
901 1525 1014 1590 vocarl;

155 1611 292 1671 Memnon
316 1617 344 1670 et
368 1612 481 1670 deneas
504 1611 741 1671 concomitantur
765 1628 825 1670 eos.

112 1695 169 1755 Vos
191 1697 271 1757 acies
293 1701 400 1773 aptate,
425 1696 527 1763 relert,
552 1713 588 1753 ne
612 1701 695 1754 exeat
719 1694 838 1762 Hector,

155 1779 298 1840 Effectum
322 1779 439 1857 capiant
460 1785 493 1839 ut
516 1797 581 1839 mea
604 1777 703 1846 verba,
728 1795 845 1856 precor.
1028 1785 1079 1835 380

123 1939 127 1946 ’
178 1916 434 1997 Auneoulcnn
452 1940 657 1996 mesenum
676 1940 823 1994 1111111111
840 1939 1009 1996 nuceum.

111 2047 222 2108 Hector
245 2046 280 2107 ad
303 2047 530 2108 Andromachen
552 2049 598 2108 ira
621 2047 770 2108 mediante
794 2048 936 2116 cucurrit,

153 2135 241 2193 drma
263 2134 398 2211 poposcit
421 2140 450 2191 et
471 2133 545 2192 haec
568 2132 769 2211 obstupefacta
792 2134 883 2192 stetit.

112 2217 287 2296 Astyanacta
310 2218 397 2295 rapit,
420 2226 564 2295 reputans
587 2217 665 2295 quod
689 2217 766 2276 tilius
788 2216 838 2276 illo

153 2301 256 2361 Posset
277 2300 314 2360 ab
337 2300 418 2361 dicto
441 2319 492 2360 cor
515 2319 656 2361 revocare
679 2303 782 2378 patris.

110 2385 227 2462 Detegit
248 2384 329 2446 hunc
352 2384 447 2464 ajens:
470 2394 520 2445 tua
542 2386 648 2454 forma,
672 2386 833 2444 tenerrime
856 2381 912 2442 fili!
1027 2390 1077 2440 385

152 2468 272 2529 Patrem
295 2477 473 2549 compescat,
497 2488 534 2529 ne
558 2468 646 2530 modo
668 2467 745 2528 bella
768 2476 862 2545 gerat.

111 2553 150 2614 Se
171 2561 257 2632 pater
281 2553 317 2613 ad
339 2573 468 2632 puerum
490 2551 636 2623 submisit,
660 2570 761 2614 amore
785 2561 909 2629 paterno

154 2638 246 2698 Parvo
269 2647 392 2699 conatus
415 2637 513 2700 oscula
537 2656 626 2717 parra
649 2637 730 2698 darc.

110 2757 312 2764 —-....--.-—-

177 2805 235 2856 363.
256 2803 336 2855 Cato.
355 2806 426 2856 nist.
444 2805 482 2867 ΙΙ,
502 2808 542 2856 71.

177 2872 289 2923 Somnia
307 2887 342 2922 na
361 2888 450 2934 cures3
470 2889 532 2923 nam
553 2888 629 2922 mene
647 2873 767 2922 humana
784 2872 856 2936 quod
875 2876 974 2936 optans

176 2940 247 2989 Dum
265 2940 374 3006 vigilet,
393 2944 495 3005 eperat,
515 2957 564 3005 per
582 2956 704 2991 somnum
722 2942 811 2989 cernit
828 2939 856 2988 id
876 2940 974 3004 ipsum.

109 3009 253 3059 eoa-368.
271 3008 406 3072 depromti
425 3007 575 3057 Claudiani
599 3009 719 3058 carmine
738 3009 790 3058 XX
807 3023 833 3057 v.
853 3009 928 3057 1—4.
1016 3008 1075 3058 369.

108 3078 149 3126 70.
167 3076 284 3125 imitatio
304 3075 448 3125 Claudiani
466 3076 526 3139 XX,
546 3078 613 3126 7-9

225 3143 312 3194 Furto
331 3141 436 3207 garrdet
454 3157 558 3204 amans,
578 3146 715 3208 permutat
733 3141 829 3191 navita
847 3149 953 3192 merces

260 3210 296 3260 Et
315 3209 383 3275 vigil
402 3208 514 3274 elapsae
533 3210 641 3274 quaerit
660 3225 760 3260 avarus
780 3224 854 3274 opes.

227 3276 389 3342 Blandaque
407 3276 525 3342 largitur
543 3277 647 3328 frustra
664 3277 820 3328 silientibua
840 3277 931 3342 aegris

261 3346 384 3411 Irriguua
403 3343 494 3410 gelido
512 3345 611 3410 pocula
631 3345 707 3395 fonte
727 3359 815 3408 sopor.

107 3415 166 3464 373.
184 3413 343 3463 mraliebrem
366 3429 415 3478 pro
440 3412 497 3462 eod.
522 3412 709 3463 muliebreme.
795 3414 855 3465 374.
874 3410 1007 3461 muliebre
1025 3423 1074 3475 pro

108 3479 167 3532 cod.
185 3481 309 3532 muliere.
377 3482 435 3533 383.
455 3481 563 3547 Margo.
587 3474 986 3531 ’1111101111111111111111111111ι

852 3560 890 3612 Q*
