2378 3810
108 134 170 198 184
411 137 473 187 Lib.
494 137 539 186 VI.
578 152 602 190 v.
621 138 767 188 tea-520.

107 287 255 348 Occubnit
278 288 420 354 Priamus,
447 287 609 367 Polydorus
633 290 750 365 etipse
776 286 899 365 Polytes,

151 372 223 433 Cum
247 373 365 450 populis
389 391 492 432 omnes
516 372 659 431 interiere
682 371 786 432 duces.
1027 383 1080 432 400

110 454 242 516 Solvitur
267 458 296 516 in
321 459 439 517 eineres
460 453 569 533 Trojae
591 454 734 515 latissima
756 453 852 525 sedes,

153 541 327 615 tenuantur
351 541 437 617 plano
462 540 592 600 culmina
615 538 692 599 celsa
716 539 797 606 soto:

113 622 251 684 Carnifici
275 627 392 684 fortuna
416 632 514 703 potest
536 643 599 684 mea
623 624 718 683 denda
743 624 846 692 rideri,

155 709 250 769 Omne
273 709 363 769 trahit
385 727 483 769 secum
506 707 634 768 Palladis
655 710 698 767 ira
722 707 840 768 malum.
876 769 881 780 ,

109 793 169 852 tarn
195 802 303 861 metuo,
328 795 451 852 miseros
473 793 598 853 fratrum
622 792 701 870 qrrod
725 801 826 853 currat
848 794 877 852 in
900 802 984 854 artus
1027 802 1081 852 495

99 923 103 927 .
153 876 188 936 Et
211 877 290 954 quod
311 875 371 954 jam
395 877 512 936 Oeneus
536 877 672 954 periodet
694 895 764 938 ense
787 876 872 938 latus

109 961 250 1040 Optarem
273 962 372 1041 potins
394 961 498 1040 perfigi
520 961 642 1037 cuspide
665 964 783 1039 raptim,

152 1043 246 1113 Onam
271 1046 347 1105 mata
371 1052 450 1104 tanta
474 1045 523 1105 diu
548 1043 627 1105 ierre
650 1042 762 1105 dotoris
785 1064 847 1109 acu.

112 1129 211 1189 Mitius
234 1127 284 1189 1110
307 1131 391 1205 perit,
416 1129 511 1189 subita
536 1131 587 1207 qrri
610 1131 755 1208 mergitur
778 1129 866 1198 unda,

150 1212 244 1284 Quam
267 1231 317 1273 sua
341 1215 390 1293 qui
414 1213 538 1273 tumidis
561 1213 681 1273 brachia
704 1213 791 1274 lassat
812 1216 913 1294 aquis;
1026 1224 1082 1272 500

108 1297 167 1356 Sed
191 1299 298 1357 misere
322 1297 401 1358 sotus
424 1306 561 1376 superest
583 1307 648 1376 post
671 1299 769 1358 omnia
792 1296 898 1366 tuctus,

153 1381 231 1453 Quot
254 1380 330 1441 bona
354 1382 482 1459 possedi,
507 1390 550 1441 tot
572 1381 660 1441 inodo
683 1382 856 1448 ternatim:

109 1465 170 1525 Nec
194 1463 413 1532 lacrimabatur,
436 1463 573 1525 lacrimas
595 1467 744 1525 introrsus
767 1465 890 1526 obortas

152 1547 249 1608 Ebibit
271 1550 334 1628 ipse
357 1549 443 1610 dolor
465 1547 669 1629 funereusque
691 1567 791 1628 paror.

108 1636 223 1693 deneas
244 1632 324 1693 illam
348 1638 428 1712 patri
451 1635 651 1704 commendat,
674 1633 752 1712 apud
776 1652 863 1712 quem
904 1671 908 1677 -
1026 1644 1080 1692 500

153 1718 229 1777 Toto
253 1718 541 1796 torturaeftempore
566 1717 666 1778 clausa
689 1717 781 1777 sedet.

110 1801 284 1878 Plangendo
307 1801 383 1880 fugit
406 1805 436 1863 10
461 1803 564 1864 aedem
588 1802 752 1864 Cassandra
775 1802 933 1872 Minervae,

151 1885 205 1945 Hic
228 1885 341 1946 Heleno
364 1888 457 1947 tratre
479 1889 675 1946 concomitata
700 1886 780 1947 latet.

110 1969 219 2030 Graeci
242 1970 404 2039 devastant,
428 1971 583 2040 occidunt;
608 1977 755 2047 nocteque
779 1977 837 2029 tota

153 2053 291 2115 Officium
316 2054 482 2132 Phrygibus
504 2056 582 2131 ignis
606 2063 635 2114 et
657 2057 737 2114 ensis
761 2063 860 2130 agunt.
1028 2063 1084 2112 510

110 2139 275 2214 Argentum
298 2142 423 2214 rapitur,
448 2138 533 2205 ebur,
558 2156 674 2208 aarum,
696 2140 792 2214 serica
816 2139 911 2206 vestis,

152 2220 298 2301 Ostraque
322 2241 387 2282 cum
411 2222 552 2302 phaleris,
578 2241 719 2302 purpura,
743 2240 867 2298 gemma,
893 2218 1041 2300 chlamys;

109 2306 132 2365 E
156 2317 240 2383 porta
261 2305 384 2385 juvenes
407 2315 564 2386 exportant
585 2307 717 2386 pondera
742 2307 869 2382 praedae

151 2390 298 2451 Omnibus
322 2394 352 2452 in
376 2394 434 2452 tine
457 2391 661 2453 distribuenda
686 2390 770 2450 bene,

108 2475 225 2535 Occidit
246 2474 303 2534 hac
325 2485 406 2535 sorte
429 2474 561 2553 gaudens
584 2476 733 2554 opulentia
756 2473 872 2553 Trojae,
1025 2483 1081 2531 515

153 2559 244 2628 Finit,
268 2562 360 2638 fitque
383 2560 458 2619 cinis
479 2558 551 2620 urbs
574 2558 660 2628 bona,
686 2560 772 2638 piena
796 2558 890 2627 bonis,
1007 2572 1011 2578 ·

107 2642 214 2721 Ampla
238 2649 403 2720 potentatu,
428 2643 632 2713 celeberrima,
656 2643 743 2719 digna
766 2641 872 2710 relatu,

153 2727 233 2788 Felix
258 2727 395 2804 primatu,
422 2729 565 2807 principe,
588 2730 662 2796 cive,
686 2735 773 2788 statu.

110 2810 224 2886 lngiter
248 2813 350 2888 ignara
375 2811 491 2872 fortuna
515 2810 587 2890 quid
610 2821 691 2871 esset
713 2820 809 2870 amata

153 2895 229 2955 Urbs
254 2903 336 2957 vetus
360 2904 388 2955 et
411 2896 489 2956 clara
513 2896 545 2955 nt
566 2894 699 2973 pecualis
722 2912 788 2964 ara;
1025 2903 1080 2952 520

123 3116 127 3122 -
176 3081 236 3130 489.
258 3079 350 3129 Schol.
369 3078 418 3128 filii
437 3084 516 3129 erant
534 3078 677 3132 Hecubae.
731 3079 790 3128 490.
811 3076 903 3128 Schol.
917 3091 985 3140 quos
998 3092 1081 3142 prae·

111 3151 204 3198 sentes
223 3163 277 3198 non
296 3145 379 3210 videt,
398 3162 492 3198 omnes
510 3147 616 3196 occisos
635 3144 759 3196 credidit.
836 3147 897 3196 491.
914 3144 991 3208 virg.
1010 3145 1081 3196 Aen.

107 3215 157 3275 IV,
175 3216 228 3264 530
246 3215 363 3264 solvitur
380 3216 409 3262 in
427 3229 546 3266 somnos,
626 3216 684 3263 493.
703 3211 782 3263 Ovid.
803 3212 888 3262 Trist.
906 3213 957 3274 111,
977 3213 1018 3275 tt,
1036 3214 1081 3264 01.

106 3284 168 3332 tet.
187 3281 265 3332 Ovid.
285 3281 368 3335 Trici,
386 3281 434 3344 111,
455 3285 494 3342 11,
514 3283 546 3331 12

260 3348 348 3399 Omne
367 3349 454 3398 trahit
471 3364 564 3399 secum
583 3346 713 3398 Caesaris
732 3347 773 3396 ira
792 3346 900 3396 malurn.

105 3417 165 3466 499.
186 3418 244 3466 000.
265 3415 342 3466 Ovid.
363 3433 387 3466 0.
404 3417 482 3468 Pont.
501 3416 551 3478 ln,
572 3418 595 3471 7,
615 3417 714 3465 9018.
808 3454 814 3463 .
