2378 3810
393 148 454 200 Lib.
473 152 504 200 V.
523 158 562 200 ’0.
580 150 722 201 286-313.

123 301 161 360 Et
182 297 260 359 liene
282 298 444 361 foecundas
466 301 593 380 imperat
615 318 679 361 esse
703 299 816 359 breves.

82 384 241 444 Etlunrlant
263 382 340 443 oculi
363 383 510 454 lacrimas,
535 387 712 445 exterminet
735 402 786 444 ora

123 467 230 536 Pallor,
255 469 406 528 concutiat
427 469 567 528 interiora
591 467 686 536 dolor,

80 551 233 614 Connodet
255 551 364 630 digitos
388 560 512 627 tortura,
536 551 708 613 reverberet
730 550 821 612 altum

121 639 197 697 Aera
221 654 276 696 vox
299 637 419 704 misera,
442 642 522 697 tanta
544 635 698 717 querendo
720 634 811 695 mala!
860 689 864 694 .
993 644 1044 692 290

55 719 138 781 .lsta
160 720 240 798 paris
263 719 334 779 milri
357 719 462 781 damna
485 721 581 791 Paris,
602 721 689 781 Paris
712 721 803 779 immo
825 720 937 798 parasti

121 803 228 864 Fomes
251 801 401 874 adulterii,
424 806 519 883 turpis
541 807 624 882 origo
648 802 729 864 mali!

79 889 233 966 Nequitiae
255 887 359 955 iacula,
383 906 436 949 cur
459 897 488 947 te
510 888 566 949 luit
587 888 636 948 illa
659 894 770 954 secuta,

124 971 213 1032 Peius
236 970 380 1032 adulterio
404 974 498 1051 turpis
520 972 637 1032 adulter
659 972 753 1032 obest.

81 1056 126 1115 Tu
149 1065 239 1133 caput
262 1073 294 1115 es
317 1054 396 1122 belli,
419 1056 532 1117 Troum
555 1065 661 1121 metus.
686 1052 890 1130 Argolicorum
994 1064 1044 1113 200

123 1138 235 1206 Fletus,
259 1146 454 1215 utrorumque
477 1139 569 1200 cladis
592 1157 691 1200 amara
713 1138 805 1199 lacus.

81 1222 119 1282 Et
140 1230 189 1283 tua
213 1240 263 1282 res
285 1224 393 1299 agitur,
416 1225 516 1302 paries
538 1242 606 1285 curn
630 1225 784 1302 proximus
806 1222 898 1290 ardet,

125 1305 168 1366 Te
191 1324 309 1385 quoque
332 1324 412 1366 mors
435 1308 547 1385 stygiis,
571 1308 676 1387 impie!
699 1307 803 1367 mersit
825 1308 917 1386 aquis.

83 1391 177 1461 Quam
201 1389 278 1450 bene
301 1390 474 1467 dispositum
498 1395 595 1460 terris,
620 1401 662 1461 ut,
684 1409 776 1471 quum
798 1391 837 1450 sit
859 1392 979 1471 iniquus

125 1473 245 1535 Consilii
269 1473 391 1543 lructus,
416 1475 529 1536 imbuat
551 1487 654 1536 auctor
676 1490 761 1554 opus.
995 1484 1047 1532 300
1127 1527 1131 1534 .

88 1559 164 1618 11000
187 1565 255 1618 tuus
277 1556 364 1619 luxus
387 1569 432 1620 est
453 1559 592 1639 Trolbus,
615 1561 721 1639 impie!
745 1558 850 1627 luctus

127 1643 164 1702 Et
186 1642 306 1720 plausus
328 1641 464 1722 plauctus
486 1644 690 1723 Argolicisque
713 1643 809 1710 datus,

81 1727 118 1786 tto
141 1727 230 1785 miser
253 1728 283 1785 in
307 1729 434 1787 miseras
455 1725 587 1805 dejectus
610 1745 641 1787 es
663 1729 727 1806 ipsc
750 1743 900 1793 cavernas,

129 1809 207 1878 Quas
229 1811 338 1870 misere
361 1811 477 1870 miseris
499 1829 554 1889 pro
577 1811 735 1871 meretrico
758 1808 858 1870 dabas.

83 1894 106 1955 0
129 1895 286 1953 meretrix!
309 1912 413 1972 spuma
436 1895 642 1954 meretricum!
665 1912 765 1954 noune
788 1895 913 1954 mereris
997 1902 1046 1951 305

125 1978 273 2056 Spumeus
295 1987 328 2037 ut
350 1979 452 2056 pingat
474 1994 596 2056 spumea
619 1978 695 2038 lacta
717 1977 829 2058 stylus!
1113 1981 1118 1986 ’

85 2063 245 2122 l'osteritas
266 2063 394 2122 fortasse
416 2062 505 2141 leget,
528 2063 684 2143 discatque
706 2061 843 2123 docendo

128 2148 150 2205 ll
173 2153 232 2206 tam
255 2145 394 2224 pestilera
419 2164 567 2227 quemque
590 2165 694 2208 cavere
717 2154 795 2207 nota.

83 2229 135 2289 Est
156 2230 342 2308 impossibile
365 2232 444 2292 liniri
468 2232 527 2292 line
550 2230 648 2304 beato,

126 2313 209 2383 Quae
232 2315 268 2373 rle
291 2317 440 2394 principio
462 2324 532 2376 sunt
553 2314 697 2376 labricata
720 2313 807 2374 malo.
997 2322 1048 2370 310

84 2400 139 2458 rlrs
161 2406 210 2457 tua
233 2400 453 2475 magnanimum
476 2398 588 2458 mundo
611 2397 687 2464 tulit,
710 2396 846 2457 Hecuba!
868 2403 983 2475 patrem

126 2482 162 2541 Et
183 2480 272 2541 simul
295 2480 441 2541 illustrem
465 2481 610 2558 flagitiosa
633 2483 738 2542 virum.

82 2565 167 2624 Tune
191 2565 265 2624 duos
280 2582 346 2625 <una
370 2566 537 2625 saevissima
561 2567 662 2643 vipera
686 2565 774 2625 morti

151 2749 209 2797 281.
239 2740 354 2813 m'argin.
372 2748 456 2802 schol.
476 2748 616 2801 exsudent.
686 2750 745 2800 292.
775 2746 865 2814 turpis
889 2763 903 2797 0
926 2749 1049 2812 margine

84 2831 133 2881 pro
156 2815 254 2865 iterato
278 2816 383 2868 codicis
406 2816 498 2866 lomes.
594 2818 652 2870 294.
684 2815 778 2867 Ovidii
795 2817 861 2866 Her.
878 2815 926 2877 1v‚
947 2817 990 2866 ot.
1015 2831 1048 2864 ex

85 2898 138 2948 quo
156 2882 217 2932 loco
235 2885 401 2934 mutavimus
423 2886 511 2934 nostri
534 2881 613 2949 pejor
634 2885 662 2933 10
688 2883 774 2949 pejus.
861 2884 921 2934 291.
951 2877 1049 2937 Horat,

84 2951 172 3015 Epist.
190 2950 213 3010 Ι,
233 2951 276 3012 18,
292 2952 334 3001 84.
404 2953 462 3002 298.
480 2951 603 3002 Imitatio
621 2950 701 3002 Ovid.
721 2950 806 3002 Trist.
824 2949 871 3012 IV,
891 2952 916 3011 ὅ,
934 2950 975 2998 22.

489 3045 524 3056 -·
540 3045 574 3057 -
592 3035 616 3070 st
634 3034 688 3069 000

185 3085 238 3148 Qui
256 3086 352 3135 mersit
370 3084 476 3152 Stygia,
495 3086 621 3137 sublevet
641 3084 717 3146 illud,
736 3100 817 3150 aqua.

84 3154 141 3203 299.
162 3152 300 3203 claudian
319 3151 367 3203 lib.
388 3156 410 3202 t.
431 3155 460 3203 in
477 3155 592 3218 Eutrop.
611 3152 713 3215 xv111,
734 3154 789 3202 151.
809 3151 841 3202 58

186 3221 273 3282 Quam
294 3217 364 3272 bene
384 3220 546 3286 dispositum
565 3223 657 3283 territt,
676 3224 708 3270 ut
725 3218 825 3284 dignus
843 3219 932 3284 iniqui

185 3288 301 3338 Fructus
319 3288 430 3339 consilii
447 3289 541 3355 primis
561 3288 721 3339 auctoribus
739 3287 831 3341 instat.

85 3357 143 3406 301.
171 3354 252 3405 luxus
269 3370 319 3420 pro
338 3356 399 3406 eod.
419 3355 504 3406 lurus.
585 3357 644 3408 305.
663 3369 771 3419 margot
788 3354 930 3404 invehitur
946 3353 976 3402 in
993 3353 1052 3404 He-

86 3422 182 3477 lenam,
251 3424 309 3476 ott.
330 3439 440 3489 margo:
459 3423 601 3474 invehitur
617 3423 645 3472 10
663 3422 813 3474 Hecubam.
