2378 3810
350 137 362 191 -'
415 162 475 214 nro.
494 163 546 216 111.
580 176 606 213 v.
624 147 768 212 tat-nn

109 307 238 380 Hectora
261 323 418 379 cernentes
441 315 562 375 minime
584 313 707 393 prodire
729 311 847 390 Pelasgi

151 403 293 464 lnsistunt
315 400 483 479 Phrygibus
505 401 658 478 asperiore
680 400 739 458 siti.

109 487 261 557 Aeacides,
285 486 377 546 Danai
400 483 567 563 protendite
591 482 728 545 brachia!
752 482 868 549 clamat,

152 570 283 646 Velaque
306 571 356 631 dat
378 570 510 648 quamvis
531 569 645 644 remige
668 569 750 628 navis
773 574 839 636 eat;

110 655 171 717 Nec
194 663 277 716 vacat
299 657 330 715 in
353 653 432 714 bello
455 671 509 713 sua
531 651 662 722 dextera,
687 652 801 712 lortiter
823 653 887 729 ipse

153 739 292 802 Fortibus
317 738 457 806 occurrit,
480 737 594 797 hostica
617 735 692 798 colla
715 739 808 796 metit.

112 825 144 886 ln
168 823 264 884 vultus
287 823 366 884 cadit
388 821 437 883 ille
461 841 541 890 suos,
565 822 752 899 calidumque
777 836 915 880 cruorem

155 910 214 971 Ore
237 908 335 976 vomit,
360 909 455 967 rivum
479 910 632 982 sanguinis
654 906 704 966 ille
727 904 811 965 bibit.

113 994 169 1056 Hic
192 993 264 1062 obit,
289 992 339 1053 hic
362 991 444 1061 obiit,
468 991 516 1051 hic
542 990 675 1070 palpitat,
700 990 751 1053 ille
774 990 909 1068 quiescit,

155 1078 309 1138 Crudescit
332 1095 464 1156 campus,
488 1077 631 1152 sauguine
653 1085 755 1134 manat
778 1075 895 1134 humus.

111 1161 286 1223 Succumbit
307 1160 436 1239 Trojano
459 1177 575 1227 manus,
601 1159 755 1238 sparsique
779 1156 871 1236 fugati

78 1318 83 1328 l
134 1246 177 1311 ,Α
201 1246 308 1306 llanais
330 1245 439 1305 Teucri
463 1245 554 1304 caede
576 1262 665 1303 ruere
688 1247 781 1318 gravi.

111 1331 265 1410 Incipiunt
287 1329 401 1390 ululare
424 1330 556 1407 Phryges
579 1331 707 1389 inlausta
730 1328 862 1396 boantes

155 1415 216 1479 lam
238 1414 295 1495 sibi
318 1412 483 1473 debuerant
505 1432 588 1492 spem
612 1416 747 1493 posuisse
769 1413 881 1489 lugam.

287 1591 349 1649 HIC
369 1593 518 1649 HECTOR
536 1592 650 1648 VENIT
669 1592 720 1646 AD
738 1591 904 1650 PUGNAM.

114 1718 226 1779 Hector
250 1725 283 1777 ut
305 1716 419 1794 accepit
441 1733 580 1777 occasum
604 1715 680 1775 bella
704 1717 812 1775 minari

156 1801 295 1869 Troibus
319 1801 447 1879 accingit
469 1802 600 1877 gnaviter
624 1817 694 1860 ense
718 1798 803 1860 latus.

113 1885 216 1946 Evolat
239 1888 398 1952 accinctus,
422 1887 602 1964 veniensque
624 1883 720 1944 leonis
742 1883 778 1944 ad
802 1887 896 1945 instar

156 1970 188 2030 ln
212 1969 282 2030 belli
307 1968 406 2028 medio
428 1968 569 2030 fulminat
591 1987 662 2029 ense
686 1969 764 2036 lero;

113 2055 245 2115 Perculit
267 2062 295 2113 et
318 2061 425 2115 mactat
448 2064 477 2115 et
499 2056 643 2130 sauguine
667 2053 789 2115 vulnera
813 2053 906 2124 laxat;

157 2139 250 2208 Potio,
275 2155 363 2217 quam
388 2141 502 2208 miscet,
526 2138 630 2218 pocula
655 2141 758 2199 mortis
780 2137 881 2200 babet.
917 2148 922 2158 “

113 2224 261 2300 Principis
283 2222 410 2284 adventu
433 2223 590 2283 redierunt
612 2225 701 2283 eorda
725 2225 866 2291 virorum,

156 2308 208 2367 Est
229 2310 261 2367 in
284 2325 347 2366 rem
371 2325 487 2386 pugnae
511 2325 579 2386 spes
601 2309 709 2366 variata
734 2307 835 2384 lugae.

114 2390 234 2452 Prosilit
255 2390 400 2452 illustrem
424 2393 507 2452 lerus
529 2391 638 2451 Hector
660 2392 691 2450 in
715 2390 917 2461 idomeneum,

158 2475 274 2554 Dejicit,
298 2475 458 2538 obtruncat
482 2484 511 2533 et
533 2476 607 2552 pede
631 2475 724 2535 calcat
748 2493 826 2536 eum.

113 2559 236 2640 lpbidus
259 2559 407 2620 Hectoreo
430 2563 463 2620 fit
483 2561 599 2619 saucius
623 2577 711 2630 ense;
735 2560 864 2621 Leonte!

157 2643 270 2713 Nescis,
294 2644 373 2723 meod
396 2643 531 2723 scapulas
554 2645 658 2704 dissuit
680 2643 729 2703 ille
752 2644 826 2704 tibi‘l

115 2727 173 2788 Sed
197 2728 341 2797 Stheneli,
366 2732 450 2789 cuius
473 2727 563 2789 voluit
586 2729 760 2807 transfigere
786 2740 928 2799 ventrem,

158 2812 311 2873 Dilabente
333 2831 422 2874 manu
445 2815 579 2892 perforat
599 2832 675 2895 ‘ense
695 2815 805 2877 lemur.

181 3051 240 3100 429.
259 3049 379 3114 palpitat
398 3051 556 3114 emargina
575 3067 636 3116 pro:
655 3052 793 3116 palmitat.
846 3052 905 3102 431.
926 3065 941 3100 e
959 3051 1081 3116 margine

113 3129 177 3182 pro:
197 3117 334 3167 suobubit.
409 3117 468 3167 432.
487 3133 536 3182 pro
556 3119 643 3174 codic,
663 3119 771 3173 Treuci.
851 3120 911 3170 445.
929 3120 1017 3173 Dares
1035 3134 1081 3168 no-

113 3199 192 3301 1ng
201 3184 313 3264 Iphinoi
334 3183 429 3238 habet.
499 3188 557 3236 446.
582 3186 645 3238 Cod.
668 3187 737 3252 ipse.
806 3188 865 3238 447.
885 3187 923 3237 St.
948 3203 996 3251 pro
1021 3185 1080 3238 cod.

150 3267 164 3300 e
194 3267 232 3301 m.
