2378 3810
156 657 385 732 decussus
411 659 465 732 IN
492 659 703 732 TROILUM
728 658 965 735 MAGISTRI

453 777 672 851 ALBERTI.

163 963 196 1024 ln
219 964 277 1026 hoe
301 981 393 1043 opere
416 964 492 1026 siout
514 967 546 1023 in
569 963 703 1041 qualibet
724 983 757 1024 re
779 976 966 1045 quaeruntur
989 969 1045 1029 tria
1083 1034 1086 1041 ,

80 1049 208 1110 scilicet:
243 1048 328 1128 quid,
359 1049 462 1129 quale,
493 1065 597 1124 quare,
629 1049 659 1110 h.
684 1068 710 1110 e.
741 1053 864 1111 materia
894 1051 987 1111 iorma
1017 1060 1047 1112 et

81 1152 179 1196 causa.
225 1135 347 1194 Materia
375 1133 482 1194 diiiinit
511 1135 581 1213 quid
605 1136 644 1194 sit
669 1152 734 1205 res,
765 1135 857 1196 iorma
880 1136 975 1216 qualis
998 1138 1044 1206 sit,

80 1227 110 1279 et
129 1237 162 1280 re
178 1221 274 1297 posita
290 1227 319 1280 et
342 1217 406 1297 ejus
428 1216 569 1297 qualitate
593 1237 732 1298 expressa
756 1238 873 1281 oausam
889 1222 1046 1299 positionis

78 1301 179 1366 statim
203 1311 353 1384 exspectat
375 1305 492 1365 animus
514 1303 670 1366 auditoris.
703 1305 827 1366 Materia
842 1302 930 1382 hujus
947 1308 1046 1384 operis

79 1396 124 1450 est
146 1388 307 1470 Trojanum
330 1386 458 1459 bellum,
487 1407 563 1469 quae
592 1407 641 1450 res
669 1392 734 1468 ipsa
763 1391 932 1451 mirandum
956 1391 1046 1451 elficit

80 1481 109 1535 et
131 1475 287 1536 famosum.
330 1473 468 1535 lliiiamat
496 1476 576 1534 enim
605 1471 678 1534 illud
702 1475 746 1535 vel
775 1477 899 1536 iniamat
921 1475 1042 1536 lortium

78 1562 255 1631 strenuitas,
284 1558 330 1620 vel
360 1568 391 1620 ut
419 1559 519 1620 verius
547 1558 641 1619 dicam
668 1558 802 1629 fatuitas,
832 1577 949 1637 pugnae
978 1578 1045 1621 oru-

80 1646 197 1716 delitas,
233 1647 401 1706 oooisorum
429 1644 644 1713 numerositas,
682 1645 824 1723 temporis
853 1643 1043 1714 diuturnitas,

78 1730 209 1792 incendii
236 1731 420 1800 immanitas,
451 1747 527 1809 quae
554 1725 669 1806 singula
699 1734 860 1804 tanguntur
882 1730 912 1788 in
941 1746 1043 1808 opere.

78 1814 213 1876 Primum
237 1816 365 1894 tangitur
388 1816 420 1874 in
442 1814 487 1874 ll⁰
511 1813 604 1883 libro,
629 1829 726 1892 pugna
748 1812 811 1873 lll⁰
833 1812 929 1874 libro:

143 1900 209 1962 Non
233 1909 298 1961 erat
319 1899 392 1962 baec
415 1915 514 1978 pugna
536 1897 720 1978 pavidorum,
745 1915 813 1959 nam
836 1899 924 1960 simul
947 1916 1041 1967 aeres,

186 1985 299 2056 Fortes,
323 1984 451 2047 audaces
472 1983 520 2044 hic
542 1984 666 2062 periisse
690 1983 788 2054 vides3

79 2085 196 2149 pugnae
219 2068 381 2135 crudelitas
403 2070 433 2129 in
457 2068 500 2127 V0
522 2068 615 2130 libro:

141 2155 196 2217 llio
218 2153 333 2225 rabies,
357 2171 478 2224 rancor,
502 2153 654 2222 fremitus,
678 2151 835 2223 violentia,
859 2151 945 2224 livor,

184 2239 247 2312 Lis,
272 2240 388 2309 odium,
412 2240 527 2309 servor,
551 2239 694 2317 impetus,
717 2240 777 2309 ira,
802 2238 895 2299 iuror.

163 2324 337 2385 derisorum
362 2324 560 2384 numerositas
582 2325 613 2383 in
636 2323 693 2383 line
716 2321 786 2399 libri
802 2323 946 2400 tangitur,
971 2340 1044 2403 quo-

77 2425 145 2469 rum
167 2426 310 2470 numerus
331 2408 368 2470 ab
392 2407 578 2493 audientibus
600 2406 796 2477 abhorretur,
820 2406 913 2469 habes
935 2425 1044 2487 nempe

141 2491 280 2554 Millesies
302 2492 381 2554 mille
404 2493 576 2573 permixtim
599 2494 731 2573 quinque
754 2500 887 2554 trecenta

184 2577 222 2639 lit
244 2577 344 2638 decies
366 2586 434 2639 octo
458 2576 537 2639 milia
560 2595 645 2639 caesa
667 2584 749 2656 puta.

77 2661 233 2743 Temporis
255 2662 436 2724 diuturnitas
457 2663 488 2722 in
511 2662 616 2723 ultimo
638 2660 714 2724 libro
737 2661 869 2742 tangitur
884 2663 947 2723 lere
964 2664 1046 2723 oiroa

77 2743 260 2829 principium
274 2749 314 2821 in
337 2746 513 2833 allegatione
535 2751 666 2809 Aeneae:

140 2834 206 2894 Javu
228 2831 275 2893 bis
297 2834 400 2909 quinta
422 2830 583 2893 revolvitur
605 2839 711 2902 aestas,

74 2940 77 2945 ·
185 2917 270 2988 Quod
293 2919 419 2996 patriam
443 2923 502 2976 tota
525 2917 727 2977 oommoluere
750 2914 836 2988 mala,

139 3001 176 3064 Et
198 3000 332 3079 glacialis
355 3001 450 3061 biems
472 3001 661 3081 aquilonibus
683 3010 802 3080 asperat
827 3000 926 3064 undas

183 3088 248 3149 lam
272 3087 373 3148 decies
395 3102 513 3163 pugnae
536 3103 592 3147 neo
614 3085 778 3147 numerabo
801 3087 890 3147 vices.

73 3170 209 3234 incendii
230 3172 398 3233 immanitas
421 3172 501 3232 ciroa
523 3172 611 3232 finem
634 3169 704 3231 libri
727 3173 876 3249 tangitur:

140 3257 220 3320 Gens
242 3258 347 3318 vioirix
371 3254 490 3317 taudem
513 3254 643 3323 Vulcano
665 3253 804 3317 fulminat
826 3255 942 3326 urbem,

182 3341 277 3404 Nemo
301 3347 359 3402 tam
382 3339 473 3401 latum
496 3339 570 3403 vidit
591 3341 624 3401 in
645 3339 723 3403 orbe
743 3341 875 3411 losum,

825 3441 870 3496 av
