2378 3810
46 140 48 145 ’
142 147 182 210 78
445 123 507 200 urs.
523 147 577 199 111.
612 163 638 199 v.
656 148 800 198 aas-asa.

141 300 202 361 llos
224 301 312 359 ctiam
335 298 463 359 subiisse
486 299 579 359 refert
602 298 729 358 tentoria
752 296 854 366 Rhesi,

185 383 279 454 Quem
302 385 464 462 perimunt,
488 382 598 462 praeda
621 399 676 441 nec
699 381 825 442 rediisse
848 381 920 454 levi;

141 467 201 527 llos
223 469 357 544 rapuisse
379 465 477 536 simul,
501 485 576 545 qnos
597 464 678 526 nulla
701 468 805 544 perire
824 469 928 545 sagitta
973 491 977 503 ¹

183 551 295 618 Posset,
320 550 485 628 nuhigenos
508 550 556 611 hic
578 550 751 609 memoravit
774 568 876 627 equos.

141 635 325 696 Crediderim
348 636 392 696 sic
415 634 543 695 dicentii
566 636 634 711 quis
656 631 737 694 nuhe
759 641 875 694 creatos

181 723 205 782 A
227 721 325 797 primo
350 719 453 779 mundi
475 728 611 796 ternpore
632 715 708 777 vidit
729 719 840 794 equos?

140 802 205 864 Non
228 803 336 863 miror!
360 802 473 881 majora
497 809 594 862 movet
615 800 770 861 mendacia
792 800 882 872 hello,

182 887 233 946 lsti
255 904 344 965 quum
369 885 443 946 duos
468 893 569 945 narret
591 883 696 944 adesse
720 884 808 954 deos;
1008 946 1010 951 ,

139 970 198 1030 Pro
220 971 321 1030 Pelide
344 969 448 1028 Thetis
469 986 525 1046 pro
548 969 671 1029 Graecis
693 966 766 1028 luno
788 969 898 1029 latetur

182 1053 218 1114 Et
240 1053 317 1134 quod
340 1071 396 1132 pro
418 1053 525 1114 Paride
548 1055 675 1113 moverit
697 1070 778 1112 arma
801 1051 911 1114 Venus.

138 1139 299 1199 Praeterea
322 1146 406 1198 recto
427 1155 487 1198 non
509 1138 619 1197 cecinit
640 1137 745 1196 ordine
766 1134 887 1207 bellum,
1056 1149 1108 1197 235

180 1227 239 1283 Aut
260 1240 275 1281 a
299 1220 453 1289 militibus,
477 1223 528 1299 qui
551 1219 697 1288 cecidere,
721 1218 840 1296 quihus.

139 1306 221 1366 Hanc
245 1321 363 1383 quoque
386 1307 541 1364 materiam
563 1304 703 1382 figmenta
725 1306 841 1381 poetica
864 1304 986 1374 nebant,

181 1389 267 1449 Siout
289 1388 430 1465 Virgilius
453 1404 536 1447 arma
559 1392 716 1466 virumque
738 1405 857 1448 canens.

138 1473 196 1533 Sed
220 1470 340 1551 Phrygii
364 1480 446 1532 tenet
468 1471 622 1531 historiam
645 1470 722 1530 liher
744 1474 801 1532 iste
823 1469 939 1532 Daretis

180 1556 378 1633 Ouipraeter
402 1573 504 1616 rerum
526 1558 676 1633 scriptitat
696 1555 766 1615 inde
789 1555 872 1616 nihil.

136 1639 222 1700 Hunc
245 1658 364 1718 sequor,
388 1638 529 1718 adjiciens
551 1639 703 1699 interdum
725 1638 816 1699 verba
838 1641 980 1712 virorum,

179 1720 296 1792 Quaeve
320 1721 517 1800 loquebantur
540 1723 584 1784 rel
606 1731 733 1802 potuere
755 1721 846 1802 loqui.
934 1720 937 1724 ’

136 1808 266 1868 Ponatur
288 1808 367 1884 quod
391 1808 473 1867 ethi
496 1825 556 1867 non
579 1809 640 1868 sint
662 1825 696 1867 ea
720 1807 797 1867 lorte
820 1809 921 1874 locuti,

179 1892 289 1954 Causae
311 1893 478 1970 praesentis
498 1898 567 1952 sunt
588 1898 688 1951 tamen
711 1898 779 1969 apta
802 1894 855 1951 rei.
909 1964 917 1974 .

223 2037 348 2091 VERBA
365 2037 488 2092 ULIXIS
505 2037 554 2090 ΕΤ
572 2035 632 2090 SUI
650 2035 746 2091 socii
763 2035 813 2089 AD
831 2036 1013 2096 PRIAM'UM.

134 2141 250 2202 Intrant
271 2142 306 2201 ad
329 2137 479 2201 Priamum
501 2143 575 2200 socii
599 2139 666 2211 duo,
689 2149 788 2201 servat
810 2140 912 2202 Ulixes
1051 2155 1103 2202 ‘245

177 2225 310 2285 Stomata
335 2223 504 2294 verborum,
528 2224 617 2285 verha
640 2232 740 2286 notata
764 2243 895 2286 movens.

134 2309 159 2370 0
181 2311 323 2388 princeps
345 2306 488 2387 Troiane!
511 2315 577 2370 luas
600 2327 654 2370 nos
677 2310 767 2369 mittit
789 2309 824 2368 ad
847 2327 934 2370 aures

178 2394 361 2455 Graecorum
385 2393 501 2463 ductor,
526 2390 590 2470 ejus
612 2392 650 2453 ab
673 2410 726 2452 ore
749 2392 863 2472 loquor.
931 2435 934 2438 -

134 2477 197 2537 Rex
219 2476 310 2537 hone!
333 2478 358 2537 si
380 2479 500 2555 sapiens
524 2495 564 2545 es,
587 2479 667 2536 sicut
688 2477 764 2537 lama
787 2477 905 2545 latetur,

168 2559 241 2626 ,Non
265 2569 309 2620 est
331 2559 460 2621 bellandi
482 2561 609 2622 maxima
631 2578 702 2622 cura
725 2557 793 2619 tibi!
1050 2573 1102 2621 250

136 2644 252 2705 Sollicit
273 2646 305 2703 in
330 2661 453 2720 magna:
477 2644 607 2705 medium
630 2652 754 2704 tenuere
777 2642 865 2713 beati,

176 2728 357 2806 Praecipites
379 2727 487 2789 ducum
510 2745 599 2805 saepe
621 2727 718 2788 tulere
740 2727 828 2786 diem.

200 2875 259 2930 225.
278 2874 413 2928 cubuisse.
449 2877 580 2928 Narratio
598 2877 633 2927 de
648 2877 740 2929 Rheso
758 2874 875 2942 ejusque
894 2879 972 2943 equis
990 2880 1100 2931 inveni-

132 2949 176 2991 tur
195 2943 266 3007 apud
284 2945 466 3010 Epitomator.
483 2961 510 2995 v.
529 2945 579 2996 ’130
590 2959 650 3009 sqq.
707 2945 765 2995 232.
784 2945 881 2995 melius
900 2946 1020 2997 fortem

116 3043 119 3048 -
333 3011 381 3061 Illi
399 3027 481 3076 quom
498 3011 576 3063 divos
594 3015 690 3061 narret
709 3011 805 3061 adesse
823 3010 891 3062 duos

131 3077 189 3126 249.
209 3091 239 3126 es
256 3079 389 3142 marginis
407 3094 456 3144 pro
475 3078 578 3129 codicis
601 3076 669 3140 ejus.
757 3080 815 3129 ast.
833 3079 906 3132 med.
928 3086 985 3131 ten.
1009 3081 1098 3132 beati.

130 3142 209 3193 Haec
237 3146 390 3207 sententia,
418 3161 474 3210 qua
503 3150 597 3195 noster
626 3145 742 3210 primum
771 3159 840 3197 usna
867 3146 954 3198 lukas
980 3147 1100 3212 ridetur,

130 3210 341 3262 transformatio
353 3212 434 3263 ovid.
446 3212 557 3263 Metam.
569 3213 606 3273 11,
621 3213 669 3263 137
687 3213 779 3263 medio
795 3213 952 3264 tutissimus
969 3214 1026 3266 ibis
1039 3220 1097 3279 θεὶς

129 3277 269 3329 invenitur
290 3279 335 3328 ina
353 3280 502 3345 aphorismi
515 3284 544 3329 et
557 3279 695 3330 mamete
707 3279 824 3331 selecta.
841 3281 955 3332 Altdorf
965 3283 1041 3334 1⁷45.
1055 3285 1098 3333 49.

129 3345 186 3396 262.
206 3344 305 3398 Senec.
322 3345 418 3413 Agam.
437 3350 469 3399 71
487 3345 662 3412 Praecipites
680 3362 774 3412 regum
794 3361 876 3399 casus

533 3415 658 3465 Fortuna
676 3415 762 3466 volat.
790 3420 793 3424 ’
