2378 3810
118 145 141 208 4

183 298 314 362 Flamma
338 317 425 359 vorax
449 298 484 360 ad
509 300 586 362 celsa
609 298 710 360 volans
732 299 888 362 obnubilat
910 308 990 362 astra

227 384 327 462 Longe
351 386 479 463 reposita
502 384 696 463 perentiendo
720 387 793 447 luca.

205 469 312 529 Forma
340 468 431 549 hujus
459 468 529 530 belli
552 478 582 531 et
611 468 744 548 ejusdem
772 469 842 531 belli
866 471 986 540 veritas:
1015 474 1088 553 quia

122 561 240 620 auctor,
264 555 436 634 postpositis
459 555 597 616 omnibus
619 556 782 634 figmentis
806 574 881 636 quae
903 556 1086 636 permultum

122 639 283 718 depravant
305 638 382 699 hanc
404 638 574 708 historiam,
598 640 734 700 llaretem
759 645 894 721 sequitur
916 645 968 720 qui
990 640 1088 721 Phry-

121 725 187 800 gius
211 730 274 784 erat
296 732 326 784 et
348 723 481 804 ejusdem
503 722 572 785 belli
587 726 742 806 princeps,
768 727 818 802 qui
833 728 920 789 etiam
936 727 1016 788 idem
1033 726 1088 787 de·

116 810 243 887 scripsit
264 806 411 887 proelium
434 816 539 871 tenens
562 811 682 872 omnino
706 811 865 882 veritatem,
889 813 968 872 unde
991 810 1088 872 habes

121 895 201 955 circa
223 894 312 954 linem
334 892 418 954 libri:

184 977 221 1038 Et
243 978 388 1058 Phrygius
410 980 466 1040 luit
487 981 543 1041 iste
567 980 657 1041 [lares
679 987 709 1041 et
731 990 865 1060 tempore
888 979 957 1042 belli

227 1063 292 1142 lpse
316 1065 435 1143 quidem
459 1064 545 1125 miles
567 1064 679 1145 proelia
702 1066 761 1127 risa
784 1066 887 1126 relert.

210 1149 285 1209 Sunt
308 1157 406 1210 autem
430 1152 617 1211 narrationes
632 1151 787 1227 impositae
802 1150 890 1210 modo
905 1151 1087 1229 principum,

121 1234 209 1294 modo
232 1233 369 1302 militum,
393 1235 481 1294 modo
504 1237 684 1295 nunciorum
708 1234 752 1295 vel
776 1238 864 1295 etiarn
889 1234 1086 1302 traditorum:

122 1335 270 1397 quaeres
294 1334 309 1376 a
332 1318 454 1378 veritate
476 1335 536 1378 non
560 1318 717 1398 discrepat,
741 1320 809 1398 quia
832 1318 995 1380 secuudum
1013 1337 1085 1380 cau-

121 1421 183 1464 sam
206 1402 398 1463 recitationes
421 1402 541 1463 easdem
570 1410 621 1463 aut
644 1421 709 1463 esse
731 1403 804 1464 tales
827 1411 878 1464 ant
899 1404 1020 1463 omniuo
1042 1407 1086 1465 si·

121 1485 206 1546 miles
240 1485 405 1563 oportebat.
450 1486 625 1564 'l'anguntur
657 1506 690 1548 ea
724 1491 754 1549 in
789 1491 878 1549 tertio
907 1487 986 1549 libro
1016 1499 1087 1568 post

120 1588 249 1652 pugnarn
266 1571 431 1648 septimam,
455 1589 531 1650 quae
551 1571 667 1633 durarit
681 1571 783 1632 LXXX
800 1572 904 1633 diebus
919 1574 1086 1634 continuis:

121 1673 177 1716 sic:

170 1740 267 1816 ,Hanc
290 1758 408 1820 quoque
430 1741 584 1802 materiam
606 1743 744 1820 figmenta
766 1743 883 1821 poetica
906 1741 1026 1813 nebant,
1140 1821 1144 1826 Α

227 1826 311 1887 Sicut
332 1824 473 1903 Virgilius
495 1844 577 1887 arma
600 1827 755 1904 virumque
777 1843 900 1893 canens:

185 1910 244 1972 Sed
267 1911 388 1990 Phrygii
411 1919 493 1971 tenet
511 1911 665 1971 historiam
688 1909 765 1971 liber
788 1911 845 1972 iste
867 1912 992 1985 llaretiS,

227 1994 284 2064 Qui
307 2002 425 2072 praeter
448 2012 549 2055 rerum
573 1995 719 2073 scriptitat
740 1995 810 2055 inde
833 1995 919 2056 nibil:

185 2079 271 2140 Hunc
293 2096 402 2157 sequor
425 2077 566 2158 adjiciens
588 2079 737 2140 interdum
761 2078 850 2141 verba
873 2082 1005 2141 virorum

226 2162 282 2233 Qui
304 2162 350 2222 rel
373 2161 571 2243 loquebantur
593 2162 639 2224 rel
661 2173 787 2243 potuere
810 2165 901 2244 loqui.

184 2247 324 2318 Ponatur,
347 2247 424 2328 quod
450 2248 531 2309 ethi
554 2265 614 2309 non
637 2251 697 2310 sint
719 2266 753 2309 ea
776 2248 867 2310 verba
889 2248 991 2318 locuti,

227 2333 339 2394 Causae
360 2335 527 2409 praesentis
548 2340 618 2394 sunt
638 2339 737 2394 tamen
760 2341 828 2410 apta
850 2335 904 2394 rei.

206 2417 306 2478 Habes
320 2419 476 2479 materiam
493 2420 593 2498 operis
610 2425 638 2479 et
654 2418 789 2482 lormam.
806 2417 899 2479 Causa
916 2425 977 2479 est:
993 2433 1088 2496 prave
1176 2430 1182 2434 “

120 2510 259 2564 strenuos
281 2521 297 2563 a
321 2520 374 2562 sua
397 2503 522 2564 stultitia
545 2521 735 2582 compescere
758 2509 788 2562 et
810 2501 902 2564 lortes
924 2520 1008 2563 suam
1024 2502 1087 2563 lor-

121 2587 278 2650 titudinem
307 2604 367 2646 nou
394 2588 424 2646 iu
454 2605 596 2667 pomposa
623 2587 773 2666 jactantia,
803 2589 881 2648 sicut
913 2587 942 2646 lri
970 2587 1085 2657 miseri,

121 2672 173 2732 sed
201 2672 231 2732 in
259 2671 387 2733 virtuosa
411 2675 576 2733 constantia
604 2674 702 2751 potius
731 2689 888 2741 exercere3
921 2678 955 2732 ut
981 2671 1087 2741 lector,

121 2755 222 2818 habita
246 2755 491 2830 consideratione,
515 2763 618 2818 contra
647 2756 757 2817 malurn
787 2757 873 2817 istius
901 2754 971 2817 belli
1000 2755 1085 2835 prin·

75 2889 79 2901 ,
121 2843 232 2920 cipium
256 2850 286 2902 et
307 2840 394 2920 pejus
416 2841 547 2903 medium
571 2849 600 2901 et
622 2842 786 2921 pessimum
814 2838 878 2918 ejus
905 2843 1018 2902 exitum
1040 2840 1089 2900 rel

121 2927 238 2986 discere
260 2925 377 2987 studeat
399 2934 429 2987 et
451 2926 568 2994 docere,
593 2934 625 2986 ut
647 2926 704 2986 hoc
727 2926 933 3004 praemunitus
950 2922 1088 3003 exemplo

123 3029 211 3072 nemo
234 3029 266 3071 se
289 3009 452 3073 dissimulet
475 3009 512 3072 ab
535 3008 622 3088 hujus
644 3009 821 3071 vanitatibus
849 3018 975 3071 tentare.
1019 3007 1088 3070 Non

122 3096 270 3157 desiderio
299 3095 472 3157 notificandi
500 3095 557 3155 hoc
590 3095 700 3156 bellum
728 3095 787 3155 tale
821 3096 936 3156 auctor
952 3093 1086 3161 studium

122 3181 275 3250 assumsit,
299 3180 351 3242 sed
375 3182 470 3259 magis
491 3183 522 3241 in
546 3199 610 3242 rem
633 3187 736 3241 contra
758 3197 855 3250 suam,
880 3197 973 3259 super
994 3175 1088 3240 tutela

121 3264 240 3337 talium,
276 3283 352 3343 quae
385 3266 500 3326 ratione
534 3264 605 3327 belli
633 3267 833 3344 contigerant,
861 3263 1019 3333 stabilirit3
1046 3262 1089 3324 alt

122 3351 202 3411 enirn
228 3353 307 3430 ipse:
338 3349 404 3421 „las
431 3358 477 3411 est
499 3359 530 3412 et
552 3347 588 3412 ab
610 3348 696 3411 hoste
718 3348 842 3410 doceri“
871 3358 901 3410 et
926 3349 982 3408 hoc
1006 3348 1089 3411 cirea

119 3436 210 3496 linem
234 3434 306 3496 libri
328 3436 467 3515 tangitur,
489 3435 542 3497 ubi
564 3436 651 3497 dicit:
