2378 3810
414 171 475 225 nau,
494 170 541 220 vr.
576 186 601 220 v.
621 172 763 227 esa-aso.
1012 169 1076 234 175

366 366 559 436 [ulduinus
574 367 624 420 An
642 367 815 436 AENEAM]

108 474 196 535 Mittit
218 473 253 536 ad
276 474 406 535 Aeneam
430 491 497 533 curn
521 473 730 552 Polydamante
752 474 884 535 Sinonen

151 559 222 627 Rex,
247 577 312 618 rem
334 577 393 618 non
417 555 505 618 dubia
529 557 695 618 certificare
718 564 795 619 nota.

108 640 246 703 Postulat
268 650 302 703 ut
322 644 450 720 signum,
473 640 557 701 loons
580 644 749 719 assignetur
772 650 802 703 et
824 642 898 703 hora

152 723 315 795 Quomodo,
340 725 466 805 quando,
491 725 605 802 quibus,
630 734 680 786 aut
702 725 753 787 nbi
775 728 826 787 liat
848 744 932 804 opus.

109 810 177 870 lstis
200 810 343 871 Anchises
366 811 500 871 interfuit
522 810 646 879 actibus,
671 813 732 871 istis
1022 819 1075 868 255

152 897 298 964 Antenor;
321 894 375 955 luit
396 895 452 955 hos
472 892 573 972 jussus
595 895 679 955 adire
702 896 805 956 Sinon.

274 1039 465 1110 [QUOMODO
484 1041 602 1094 TROJA
620 1040 806 1094 CAPIENDA
824 1040 904 1110 sm]

108 1147 161 1208 Est
181 1146 264 1207 locus
286 1148 317 1205 in
340 1144 440 1223 Troja,
464 1150 521 1205 stat
542 1146 572 1204 in
595 1145 646 1205 illo
669 1151 754 1224 porta
776 1144 880 1222 locata,

152 1232 243 1291 Scaea
265 1228 435 1302 vocabatur,
459 1227 565 1308 ampla,
589 1230 707 1298 decora,
730 1232 840 1289 nitens.

108 1315 167 1374 Pro
191 1313 315 1392 reliquis
339 1320 402 1373 erat
424 1312 493 1373 huic
516 1312 653 1392 specialis
676 1311 770 1390 gloria
793 1314 880 1390 signi,

151 1397 223 1458 Post
245 1404 334 1477 caput
355 1398 492 1458 inventor
515 1396 681 1478 sculpserat
703 1397 776 1458 illud
802 1398 878 1475 equi.
1026 1407 1079 1457 200
1167 1470 1174 1483 ⁸

112 1482 275 1544 audierant
298 1480 376 1541 socii
393 1479 530 1542 scelerati
552 1481 643 1544 rerba
667 1483 788 1543 Sinonis

154 1568 185 1627 ln
208 1583 283 1646 quac
306 1584 339 1626 se
362 1566 516 1638 dederant,
540 1575 623 1645 pacta
645 1575 767 1646 patrare
789 1575 905 1646 parant.

110 1651 228 1725 Nostra,
252 1650 357 1711 Sinon!
381 1649 471 1729 ajunt,
497 1648 616 1712 studeas
638 1651 827 1729 propendere
849 1649 941 1712 verba

154 1735 236 1811 Regi,
260 1751 335 1814 quae
358 1733 518 1814 loquimur,
542 1735 738 1812 regrediendo
761 1735 856 1794 relcr:

108 1820 191 1880 llanc
207 1824 334 1897 portam,
358 1825 583 1897 monstrantque
599 1816 667 1887 sibi,
691 1817 892 1879 reserabimus
906 1818 1003 1896 Argis,
1026 1827 1077 1876 255

150 1899 294 1965 Nolumus
315 1901 371 1961 hos
393 1901 460 1962 aliis
482 1905 656 1981 apropriare
680 1900 760 1963 locis.

110 1987 240 2066 Tempus
263 1985 433 2065 captabunt,
457 1986 552 2047 media
577 2005 696 2066 quoque
718 1994 853 2066 tempora
875 1993 1003 2056 servant,

152 2071 275 2132 Venturi
297 2070 444 2150 siquidem
468 2080 601 2151 tempore
623 2072 720 2133 noctis
742 2078 840 2132 erunt.

112 2155 228 2215 Lumen
251 2156 295 2215 eis
317 2153 453 2215 dabimus
474 2174 530 2235 pro
552 2157 647 2234 signo,
670 2155 783 2217 lumine
805 2158 867 2217 riso

152 2238 291 2300 Protinus
314 2242 345 2299 in
367 2246 483 2318 portam
504 2239 618 2300 Graeca
641 2249 758 2301 caterva
781 2241 861 2301 lluat.
1025 2248 1079 2296 270

74 2368 77 2373 »
110 2324 172 2385 Nos
195 2325 308 2384 orimus
330 2333 458 2401 praesto,
482 2323 551 2404 quid
575 2326 733 2401 agendum,
758 2340 815 2401 quo
838 2325 877 2383 sit
900 2322 1028 2383 eundum

151 2407 359 2469 Indubitanter
381 2408 437 2468 erit
459 2409 579 2487 praevia
601 2415 703 2468 nostra
724 2424 839 2467 manns.
907 2470 914 2475 ,

110 2493 147 2552 At
167 2508 221 2551 nos
244 2493 398 2561 ct-nostri,
422 2510 477 2552 nos
499 2499 659 2570 nostraque
681 2509 765 2551 more
787 2496 942 2570 sequestro

156 2574 264 2636 Portae
287 2577 343 2636 iam
368 2575 463 2637 dictae
485 2575 629 2637 stabimus
650 2585 718 2635 ante
742 2574 830 2636 iores.

110 2659 168 2720 Vos
189 2666 305 2739 pactam
330 2669 445 2721 servate
467 2659 564 2730 fidem,
588 2678 646 2720 non
670 2660 799 2736 armiger
821 2657 898 2721 ullus
1025 2667 1078 2716 275

154 2743 312 2822 Contingat
334 2751 452 2805 nostras
474 2763 544 2806 ense
566 2743 613 2803 vel
634 2745 703 2821 igne
726 2744 838 2804 domos.

110 2827 189 2889 Ecce
211 2827 308 2888 locum
332 2827 527 2907 dedimusque
550 2828 604 2890 tibi
627 2846 693 2889 oum
716 2838 851 2908 tempore
873 2829 992 2906 signum

152 2911 190 2972 Et
211 2918 306 2973 totum
328 2930 430 2973 rerum
452 2920 483 2974 te
506 2914 645 2975 didicisse
668 2912 801 2972 modum.
889 2919 891 2922 ’

110 2996 199 3065 Vade,
223 2995 300 3056 valo:
324 3015 394 3057 cave
418 3015 454 3059 ne
477 2996 594 3069 titubes,
619 2996 814 3075 mandataque
836 2994 965 3072 frangas,

152 3083 193 3141 Ac
215 3079 290 3140 nihil
312 3099 347 3142 ex
369 3083 433 3142 istis
456 3084 514 3144 nisi
535 3084 655 3161 pienter
678 3098 757 3159 agas.
1026 3088 1078 3138 280

178 3249 236 3303 254.
255 3248 342 3299 schol.
366 3249 533 3300 traditionis.
636 3250 694 3300 258.
713 3248 771 3304 cod.
791 3245 867 3297 Sota.
890 3245 976 3302 schol.
994 3246 1075 3297 Aliae

109 3319 207 3381 portae
224 3331 280 3367 non
298 3314 439 3366 habebant
456 3317 543 3382 signe,
562 3315 623 3367 ideo
642 3319 726 3381 caput
744 3315 809 3379 equi
827 3313 965 3379 sculptum
981 3314 1076 3364 fnilin

107 3384 167 3440 ista
191 3382 310 3449 speciale
328 3385 444 3448 signum.
548 3386 606 3438 260.
624 3383 707 3435 schol.
727 3387 799 3448 post.
818 3382 836 3436 i.
855 3397 878 3435 e.
897 3381 1077 3431 extrinsecus.

110 3451 168 3500 279,
187 3451 299 3501 Horatii
317 3455 359 3501 est
376 3451 466 3516 Epist.
485 3452 507 3512 l,
526 3453 568 3515 13,
587 3453 627 3506 19.
