2378 3810
445 151 508 200 Lib.
527 150 574 201 vt.
611 166 636 200 v.
656 148 799 198 eto-640.

447 347 630 417 [anaunia
649 345 806 414 ervisio]

146 453 206 514 llos
228 471 303 514 nova
327 452 470 514 sollicitos
492 454 599 514 invitat
620 471 738 532 semper
761 449 880 529 ocellos
1065 459 1115 508 615

189 539 251 599 Hac
273 535 398 616 illacque
420 538 511 598 trahit
534 537 686 616 splendida
709 535 799 614 'l'roja
823 538 910 594 viros.

148 624 191 684 lle
214 621 316 683 multis
344 620 456 682 laribus
478 621 523 681 lar
545 619 595 682 hic
618 625 788 682 surrexerat
811 638 896 688 urvus,

191 707 272 768 Unus
296 716 359 766 erat
381 707 444 766 solo
466 705 582 767 lucidus
603 709 673 783 igne
694 703 786 765 locus.
877 706 886 733 ⁸

146 793 225 869 lgnis
248 789 336 868 Troja
360 792 428 864 luit,
452 798 481 850 et
501 798 579 858 tota;
604 797 746 868 vagantur
768 788 879 848 ibidem
1177 858 1180 863 ¹

193 875 300 935 Graeci
323 872 484 951 Trojanum
508 873 691 934 circueundo
714 871 823 932 locum.
906 876 908 881 '
1064 879 1116 928 oto

147 960 201 1019 llic
225 959 350 1027 cineres,
373 958 422 1018 hic
445 957 600 1028 carbones,
624 959 672 1019 hic
697 959 819 1033 respicit
842 957 946 1033 ignes;
984 970 986 974 ·

190 1043 315 1121 Saepius
338 1050 383 1101 est
405 1040 509 1103 oculus
532 1044 562 1102 in
586 1044 715 1102 novitate
737 1058 836 1117 vagus¹

148 1127 205 1188 lsta
228 1136 404 1204 regyrantes
426 1134 510 1186 vocat
531 1128 562 1185 in
585 1143 742 1186 commune
766 1125 896 1196 Quirites

190 1211 226 1271 Et
245 1218 340 1271 totum
362 1210 506 1290 populum
530 1210 656 1271 briscino
679 1209 776 1270 dando
798 1225 913 1268 sonum.

147 1295 209 1356 Nec
233 1312 325 1355 mora.
371 1295 555 1355 Conveniunt
578 1303 608 1354 et
629 1294 869 1372 conglomeratur
892 1295 923 1352 in
947 1309 1038 1351 uuum
1061 1300 1113 1350 625

198 1377 291 1448 Quam
315 1379 454 1453 tulerant,
477 1379 597 1457 praeda,
621 1396 691 1456 rege
714 1378 840 1445 volente,
863 1375 971 1436 locum.

146 1464 183 1524 Et
205 1480 281 1542 quae
304 1462 443 1522 dividitur
466 1470 495 1521 et
517 1462 554 1522 alr
578 1480 757 1542 unoquoque
780 1460 902 1530 levatur,

188 1546 335 1607 Omnibus
358 1545 466 1607 illectis
489 1549 585 1623 portio
609 1564 713 1624 magna
737 1549 817 1606 satis.

149 1630 231 1691 Vivat
252 1634 283 1690 in
307 1639 459 1691 aeternum
483 1632 550 1690 rei!
576 1630 703 1691 clamant
726 1630 846 1690 vocibus
869 1627 946 1705 allia,

189 1717 264 1776 Aera
288 1718 469 1783 concutiunt,
492 1716 625 1794 Vestaque
648 1717 743 1775 lausta
767 1721 885 1774 canunt..
1063 1721 1115 1769 630

368 1861 538 1930 [aramus
555 1860 722 1915 aunaruu
738 1860 882 1928 ranam]

150 1967 232 2028 Vidit
250 1975 282 2027 ut
304 1967 431 2042 Atrides,
455 1967 525 2044 quid
550 1969 628 2027 enim
651 1984 709 2027 nou
733 1965 782 2026 ille
806 1967 927 2034 videret,

189 2052 279 2127 Cujus
302 2055 332 2112 in
356 2050 481 2111 arbitrio
504 2052 627 2112 Graecia
651 2060 713 2112 tota
737 2051 806 2118 luit:

149 2130 269 2212 Trojam
293 2135 484 2203 destructam,
508 2136 607 2195 linitos
629 2153 694 2195 esse
717 2133 849 2201 latores;

191 2219 306 2295 Cogitat
328 2219 358 2278 in
382 2220 519 2297 proprios
543 2219 587 2279 vel
609 2236 744 2280 remeare
766 2219 853 2280 lares.

148 2304 191 2364 td
215 2311 301 2363 notos
324 2304 412 2369 etiam
436 2303 584 2364 desiderat
607 2307 652 2364 ire
674 2312 797 2382 penates

191 2389 304 2449 Graeca
327 2387 464 2465 phalanx,
488 2390 571 2449 aunis
595 2389 710 2448 exiliata
734 2389 848 2448 decem.

150 2471 174 2532 Ο
197 2475 311 2550 patriae
335 2471 430 2532 natale
454 2471 560 2534 decus!
583 2474 625 2533 sic
648 2471 742 2532 allicis
764 2487 879 2540 omnes,

191 2555 267 2617 Exul
292 2558 337 2616 vix
362 2557 472 2634 poterit
493 2558 649 2617 immemor
673 2573 736 2616 esse
759 2551 812 2616 tui.

148 2640 336 2700 Conveniunt
358 2638 449 2716 aliqui
470 2639 530 2720 jam
555 2649 688 2719 tempora
712 2648 794 2699 certa
817 2639 925 2706 daturi,

190 2723 313 2794 Quando
336 2725 464 2803 petenda
487 2724 585 2784 lorent
606 2725 700 2804 patria
722 2733 799 2784 tecta
822 2724 889 2783 sibi.
1065 2729 1117 2778 640

149 2877 298 2884 μ-φ--η
312 2880 324 2882 v.

216 2959 274 3008 616.
293 2958 381 3010 schol.
401 2962 515 3023 proptor
534 2959 634 3022 ignem.
707 2959 766 3010 625.
786 2957 845 3009 cod.
864 2955 1117 3021 conglomerantur.

147 3027 206 3075 630.
226 3026 300 3075 festa
318 3032 429 3079 canunt.
467 3026 517 3076 Ov.
539 3026 615 3080 Fast.
634 3025 686 3088 111,
705 3042 730 3077 v.
750 3027 807 3079 714.
894 3025 954 3074 631.
974 3024 1016 3074 32.
1035 3021 1117 3072 Ovid.

146 3093 257 3143 Remed.
275 3095 333 3144 467.
353 3095 394 3144 68.
442 3091 520 3142 Vidit
538 3092 565 3143 id
584 3092 703 3142 Atrides.
723 3092 789 3159 quid
807 3092 880 3142 euim
899 3095 953 3141 etc.

147 3161 207 3211 637.
227 3160 319 3212 Gualt.
338 3161 486 3210 Alexandr.
505 3160 526 3222 I,
545 3161 595 3210 366

299 3226 322 3277 Ο
341 3229 448 3292 patriae
467 3226 569 3277 natalis
588 3242 664 3277 amor
681 3228 723 3278 sic
742 3227 834 3277 allicis
852 3241 946 3277 omnes

146 3297 204 3349 638.
223 3294 272 3346 Ον.
293 3310 317 3347 e.
336 3295 417 3346 Pont.
435 3295 458 3356 Ι,
477 3298 501 3356 3,
521 3296 562 3345 36.
580 3297 622 3345 36.

284 3363 386 3413 Nescio
406 3363 458 3427 qud
475 3361 571 3411 natale
590 3360 678 3414 solum
697 3361 843 3412 dulcedine
862 3365 958 3426 captos

310 3429 407 3495 Ducit,
428 3435 456 3482 et
475 3430 644 3482 immemores
662 3445 716 3481 non
735 3430 801 3480 sinit
820 3443 881 3479 esse
900 3428 952 3478 sui.
