2378 3810
426 191 488 245 utu.
509 194 541 246 v.
572 206 597 246 v.
616 189 764 243 ana-sse:
1006 176 1078 250 '149

113 344 236 413 Diceris
260 343 388 423 hospitia
412 345 510 424 Stygis
533 350 566 404 ut
588 345 703 404 laceres
725 345 821 420 magis
843 340 951 421 anrpla,
1061 421 1069 430 ι

157 428 237 489 Olim
258 429 454 509 primigenum
477 436 510 489 tu
532 427 657 489 subiisse
680 427 790 487 loeurn.

227 625 493 694 [PEN'PHESILEA
510 624 747 690 ALLOQUITUR
763 623 965 694 PYRRHUM.]

114 764 288 828 Transierat
310 767 440 829 medium
463 777 529 829 rota
551 766 622 828 solis
644 767 780 827 llamnaea
803 765 957 835 mundum,

156 850 296 930 Pugnans
317 850 414 914 stabat
436 851 533 912 adhue
554 851 667 913 fervida
690 850 808 912 flamma
832 850 936 910 virum.

112 934 373 997 Innumerabiliter
396 934 570 1016 Danaosque
593 936 784 1015 Phrygasque
806 936 900 994 ruisse

154 1019 290 1082 Pondere
312 1020 459 1082 bellorum
482 1019 670 1080 Penthesilea
693 1019 784 1094 videt,

112 1102 149 1164 Et
171 1106 239 1182 quia
262 1107 415 1182 virgineus
437 1107 587 1166 exercitus
609 1121 690 1164 arrna
715 1102 849 1168 valenter.

156 1187 293 1258 Veberet‚
316 1190 348 1249 in
371 1187 516 1267 Pyrrhum
539 1188 608 1249 talia
630 1187 721 1247 verba
742 1187 826 1266 Jaeit:

113 1271 146 1332 ln
170 1275 283 1352 campis
306 1274 417 1352 agitare
440 1274 521 1333 ferus
544 1283 572 1332 te
595 1272 722 1353 Pyrrhe!
746 1271 863 1351 putasti,

155 1355 209 1415 llic
233 1359 315 1435 quasi
340 1375 442 1418 musea
465 1358 521 1418 levi
544 1358 582 1418 sit
605 1357 747 1436 capienda
769 1373 869 1416 manu.

112 1440 178 1503 Nun
202 1459 277 1519 puer
298 1441 347 1503 hie
369 1442 487 1522 lepores
509 1442 675 1512 venaberis,
699 1446 791 1502 imma
813 1440 932 1514 leunes;

43 1586 46 1591 ,
154 1523 207 1586 Est
228 1524 313 1607 lepus
334 1526 384 1587 illa
408 1526 453 1586 vel
475 1526 549 1588 haee
571 1528 720 1588 foemina?
741 1544 842 1587 nonne
864 1526 930 1588 leui

113 1609 255 1671 Foemina
277 1611 452 1676 credideris.
498 1611 644 1673 Occurret
666 1611 794 1673 faentina
818 1610 952 1690 Pyrrho?

155 1693 221 1753 Non
245 1696 296 1756 sed
323 1697 380 1765 vir;
404 1695 511 1756 mulier
533 1696 628 1756 induit
651 1693 699 1754 illa
722 1697 828 1755 virum.

112 1778 149 1838 Et
171 1780 198 1837 vi
221 1781 339 1840 virtutis
362 1781 419 1840 erit
439 1779 489 1840 illa
514 1782 557 1840 vir
581 1787 610 1840 et
631 1780 717 1858 quasi
739 1781 766 1838 vi
789 1781 841 1847 vir.

155 1862 206 1922 Vir
228 1882 347 1943 quoque
371 1881 431 1924 nou
454 1864 529 1935 ville,
553 1867 645 1925 immo
668 1863 761 1924 virilis
784 1865 851 1924 erit.

111 1946 253 2007 Foemina
276 1951 339 2009 sive
362 1951 406 2008 vir
430 1950 479 2009 es?
501 1949 551 2011 hie
573 1951 599 2008 si
620 1950 664 2008 vir
688 1967 729 2017 es,
754 1966 843 2008 exere
867 1949 943 2010 vires

154 2031 236 2092 Haec
259 2035 317 2094 erit
339 2035 368 2093 in
394 2034 420 2092 vi
443 2052 508 2102 res;
532 2032 641 2094 robore
664 2051 764 2094 nonne
787 2033 883 2095 vires?

115 2115 181 2176 Non
204 2124 237 2177 tu
260 2118 422 2179 foemineas
444 2118 589 2188 imbelles,
611 2121 703 2181 immo
726 2117 855 2179 rebelles

153 2200 290 2264 lnvenies
313 2212 342 2263 et
364 2221 424 2264 non
447 2203 557 2284 absque
580 2205 681 2282 rigare
703 2221 819 2265 manus.

112 2280 188 2354 Scis,
213 2287 291 2363 quod
313 2307 373 2348 non
397 2286 487 2348 debet
509 2289 615 2368 pelago
637 2306 670 2348 se
693 2288 827 2357 eredere,
851 2289 875 2347 si
898 2305 955 2365 qua

153 2368 251 2430 Audet
272 2371 303 2431 in
326 2372 433 2460 exiguo
456 2370 560 2431 ludere
584 2371 679 2432 cimba
702 2370 777 2431 lacu.

112 2451 145 2513 Si
166 2472 215 2514 me
237 2456 391 2533 respicies,
416 2454 509 2514 fortes
531 2454 674 2514 invadere
696 2456 783 2515 lurtis

153 2536 290 2597 Forsitan
313 2539 458 2616 exemplis
479 2539 663 2599 instruerere
684 2541 768 2599 meis.

110 2620 235 2696 lgnavos
259 2624 363 2698 agitas,
386 2625 418 2683 in
442 2641 489 2683 me
512 2632 662 2694 converte,
686 2623 794 2685 valaris

154 2704 281 2784 Siquid
304 2705 407 2777 habes,
432 2717 462 2768 et
484 2707 555 2786 quid
577 2711 637 2769 sint
658 2707 721 2770 lera
744 2708 823 2770 bella
846 2711 934 2772 scies,

110 2789 152 2851 De
174 2792 274 2868 pretio
296 2792 367 2852 victi
390 2792 501 2870 pendet
522 2794 658 2865 vieturia3
682 2796 777 2856 vietor

152 2874 273 2935 Tantus.
289 2877 354 2945 erit,
378 2879 447 2938 victi
470 2876 564 2954 gloria
587 2885 696 2956 quanta
718 2880 785 2944 luit.

108 2959 155 3019 Me
178 2968 255 3037 pete,
280 2967 344 3020 teve
365 2963 479 3040 petam!
513 2962 564 3024 Sic
586 2961 664 3024 latur
688 2971 715 3023 et
739 2982 809 3024 ecee
831 2972 970 3041 potenter
1024 2973 1075 3025 555

151 3044 310 3123 AgredItur
332 3044 490 3124 Pyrrhum,
513 3050 609 3126 tangit
632 3055 660 3108 et
684 3050 766 3126 angit
788 3066 866 3109 eum.

110 3231 311 3241 *-

176 3349 234 3399 528.
255 3347 347 3399 Sobel.
366 3347 421 3398 foe.
439 3349 576 3403 mundum.
613 3327 689 3404 ata.
708 3351 816 3416 Margo.
834 3353 938 3404 vires?
955 3353 1074 3418 Pyrrhe!

108 3415 166 3468 547.
184 3416 224 3466 48.
245 3414 324 3470 ovid,
343 3415 427 3471 Trist.
444 3417 482 3483 ΙΙ,
502 3419 562 3471 329.
581 3421 623 3471 30.
694 3421 752 3470 aba.
771 3423 812 3471 54.
831 3419 1080 3485 Anonym.llevel.

108 3497 134 3546 p.
153 3483 203 3532 499
221 3481 268 3533 lin.
287 3485 302 3532 2
320 3484 354 3534 ab
373 3483 458 3540 infra.
