2378 3810
430 125 493 176 urs.
511 124 558 180 Ν.
594 143 622 176 v.
641 124 751 176 eo-rs.
1014 122 1075 188 103

240 263 259 287 ⁹
337 287 465 343 Poena
483 288 675 343 ouooucm
693 287 844 348 amnon.

109 396 172 456 Lux
194 393 273 454 redit
296 402 325 454 et
347 395 474 455 redeunt
495 396 525 454 in
549 393 668 465 bellum,
693 410 791 473 pugna
813 395 845 455 ot
868 397 956 466 acris

151 479 258 540 Educit
281 479 411 540 Graecos
433 498 486 539 rex
509 479 688 558 Troilusque
711 495 790 539 suos.
1045 489 1079 538 50

110 564 171 625 Nec
195 565 292 623 moral
316 583 348 623 se
372 562 498 641 densant
521 582 608 624 enses
631 571 661 624 et
683 563 797 642 spicula
820 561 928 632 laxant,

41 706 44 729 ,
152 648 265 717 Omnia,
290 666 365 728 quae
389 656 557 726 penetrant,
581 649 734 726 sanguinis
755 646 853 708 imbre
875 648 984 726 rigant.

111 731 258 794 Culminat
282 751 297 791 e
320 731 400 792 hello
422 731 550 808 Troilus,
574 736 758 794 contaminat
780 749 881 792 ensem

153 816 303 895 Sanguine
324 835 404 878 nunc
426 816 531 894 plebes
554 835 634 877 nunc
657 816 791 877 feriendo
815 816 915 878 duces.

109 900 216 978 Magno
240 918 271 959 se
294 901 413 962 lodiunt
433 904 541 962 iratum
564 900 639 962 velle
662 901 825 969 studentes,
1041 909 1074 959 55

154 985 216 1045 llac
239 984 317 1044 suria
339 984 387 1045 bis
410 1004 462 1046 sex
486 988 660 1048 continuare
683 987 755 1046 dies.

109 1065 162 1129 llis
185 1068 263 1128 bene
286 1069 441 1148 eompletis
464 1090 518 1149 pro
542 1088 614 1149 pace
637 1078 778 1148 precatur
800 1069 917 1131 Atrides

152 1154 191 1213 Ut
212 1170 265 1212 sua
287 1155 431 1232 suscipiat
453 1154 560 1215 lunera
582 1164 677 1215 mater
700 1155 819 1215 humus.

108 1237 167 1297 Per
190 1253 306 1297 menses
328 1239 415 1298 datur
437 1237 487 1300 illa
511 1238 585 1301 duos
607 1247 637 1298 et
658 1258 711 1299 rex
734 1239 923 1299 Palamedem

157 1321 313 1399 Magnifice
336 1322 451 1402 sepelit,
475 1322 602 1400 lugubre
625 1341 745 1384 carmen
770 1326 838 1402 agit.
1045 1333 1080 1381 60

109 1404 241 1485 Quisque
263 1407 362 1467 studet
386 1399 514 1484 s‘epelire
536 1426 617 1478 sude,
641 1409 686 1468 his
710 1427 779 1469 vero
802 1408 925 1486 sepultis

151 1489 283 1583 Membra
304 1489 408 1552 'brevis
429 1494 549 1573 requies
572 1493 607 1552 ad
631 1492 708 1553 mala
730 1493 818 1570 longa
841 1495 931 1557 fovet.

305 1654 483 1710 ACHILLES
501 1654 669 1710 Rucusar
687 1654 871 1712 PUGNARE.

110 1758 258 1838 Tempora
279 1761 361 1838 pacis
386 1769 485 1828 erant:
510 1759 679 1832 illomedes,
701 1760 820 1830 Nestor,
844 1760 943 1824 Ulixes

151 1843 300 1905 Aeaciden
323 1844 442 1915 adeunt,
467 1843 544 1905 bello
566 1845 665 1906 levare
688 1853 803 1926 petunt.

108 1929 170 1989 Hoc
193 1932 396 2006 Agamemnon
420 1931 462 1989 eis
485 1938 693 2010 praeceperat;
717 1928 768 1990 ille
791 1927 935 1991 rebellem
1044 1939 1078 1990 65

151 2012 303 2073 Obiiciens
326 2014 448 2083 vultum,
473 2012 549 2074 heila
572 2013 671 2075 levare
693 2023 791 2094 negat.

108 2096 239 2167 Hecuba,
263 2116 463 2177 repugnem,
488 2098 568 2168 dicit,
592 2118 660 2160 cum
683 2117 754 2178 rege
776 2100 900 2178 rogavit.

151 2183 237 2253 Vovi;
262 2185 381 2244 mentiri
405 2182 515 2244 talibus
538 2202 627 2246 ausus
650 2185 728 2245 eroi'
950 2252 957 2267 ι

108 2266 170 2328 Nec
192 2266 265 2327 milri
288 2286 373 2328 mens
396 2266 476 2336 belli,
501 2270 600 2346 potius
623 2269 761 2329 desidero
783 2287 897 2348 pacem,

151 2350 251 2429 Longu
275 2369 409 2411 cremare
433 2352 510 2412 mala
533 2353 589 2412 scit
611 2353 704 2420 luror,
728 2354 773 2412 ira
795 2350 903 2412 brevis.
1047 2362 1080 2411 70

108 2434 158 2495 Lis
182 2436 283 2496 odium
306 2443 438 2512 generat,
462 2434 621 2496 concordia
642 2437 739 2496 nutrit
762 2453 904 2505 amorem,

151 2520 212 2579 Pax
235 2525 333 2595 portat
355 2520 453 2588 vitam,
476 2518 590 2598 proelia
612 2537 682 2579 vero
705 2537 820 2601 necem.

110 2601 234 2662 Odimus
257 2603 437 2681 accipitrem,
461 2605 530 2681 quia
552 2620 671 2682 semper
692 2605 764 2664 vivit
785 2607 817 2665 in
840 2605 939 2674 armis,

152 2686 187 2745 Et
211 2685 346 2746 timidum
369 2686 472 2749 solitos
495 2691 526 2748 in
548 2706 640 2768 pecus
661 2690 706 2749 ire
730 2688 826 2768 lupos.

108 2771 240 2847 Reginae
262 2768 378 2848 Trojae,
403 2790 440 2832 ne
464 2771 571 2834 ducam
592 2772 714 2853 proelia,
737 2776 819 2842 vovi3
1046 2784 1078 2831 75

176 2941 217 2989 53.
236 2954 251 2988 e
269 2939 406 3002 margine,
426 2955 475 3004 pro
494 2940 553 2990 cod.
572 2943 720 2992 ocaminat.
791 2942 832 2996 56.
853 2957 867 2990 e
886 2942 1009 3006 margine
1028 2957 1078 3006 pro

108 3007 167 3071 eod.
187 3006 267 3059 feria.
337 3008 378 3058 59.
398 3007 505 3072 Margo.
540 3008 671 3059 PaleI
688 3024 738 3074 per
756 3009 823 3059 duos
842 3022 957 3059 menses.
1010 3011 1079 3060 71-

109 3077 148 3125 74.
169 3073 221 3126 Or.
240 3075 293 3124 Ars
310 3073 347 3136 H,
367 3076 492 3126 tte-48.

226 3143 350 3192 Dextera
368 3145 516 3207 praecipue
535 3143 612 3207 capit
630 3142 805 3208 indulgentia
823 3148 946 3194 mentes:

260 3208 406 3275 Asperitas
424 3210 525 3271 odium,
546 3224 686 3275 saevaque
704 3212 792 3261 verbe
810 3220 930 3263 movent.

227 3276 341 3326 Odimus
359 3279 527 3342 accipitrem,
547 3278 622 3342 quito
630 3293 739 3343 semper
756 3279 827 3330 vivit
844 3281 873 3329 in
892 3278 983 3342 armis,

260 3345 297 3394 Et
314 3345 444 3410 pavidum
463 3345 559 3395 solitos
577 3346 606 3395 in
624 3360 711 3411 pecus
728 3345 769 3397 ire
787 3345 874 3412 lupos.

109 3412 149 3461 74.
169 3428 183 3461 e
202 3412 326 3477 margine
345 3428 394 3478 pro
413 3413 533 3478 inpetus.
