2378 3810
495 151 648 202 Praefatio.
907 117 909 119 ι
1011 167 1077 214 χῙΠ

156 300 278 372 7,’708.
297 300 326 365 9.
349 303 393 363 Re
416 305 441 363 si
464 321 533 371 non,
558 321 648 381 opere
664 301 729 364 volo
744 322 795 364 vos
811 322 961 384 operaque
974 301 1077 382 juvare

385 386 422 447 Et
443 389 468 446 si
493 405 553 447 non
575 404 630 466 per
653 406 739 466 opem
763 388 807 448 vel
830 405 884 467 per
908 403 997 466 opus,
1021 405 1077 466 per

604 489 685 550 opes.

170 559 202 624 V,
228 551 320 617 1007.
345 555 538 633 Degeneres,
559 557 583 613 si
600 556 763 632 degeneres
778 576 795 617 a
811 574 894 616 more
910 567 1076 633 parentum.

157 640 203 710 vi,
244 636 317 700 284.
340 639 470 707 Feceris
491 639 594 699 infelix
617 649 646 700 et
668 639 752 700 cibus
774 641 853 716 ignis
876 643 945 700 eris.

197 722 286 784 Plura
310 722 481 801 hujusmodi
509 722 642 803 exempla
665 724 774 785 afferre
796 740 857 784 non
879 732 925 784 est
947 722 1077 792 dillicilc,

113 810 165 870 sed
189 810 263 869 baec
284 808 442 868 sufficient.

198 893 410 970 Heusingerus,
435 893 537 970 etqui
560 908 627 952 eum
650 893 746 953 secuti
762 899 832 953 sunt
848 892 1077 960 Wernsdordus.

112 977 251 1047 Ebertus,
268 975 542 1047 Schoenemannus,
558 975 801 1055 Lappenbergius
821 977 962 1037 carminis
976 978 1078 1038 lacun-

114 1062 192 1122 diam
216 1069 247 1122 et
268 1059 445 1137 elegantiam
461 1058 666 1121 laudaverunt.
699 1059 816 1120 Felellit
831 1077 882 1120 eos
896 1078 1078 1139 permagnus

113 1163 253 1206 versuum
276 1164 293 1203 e
309 1144 451 1204 Romanis
466 1147 565 1224 poetis
580 1145 804 1224 depromtorum
820 1162 973 1214 numerus,
990 1164 1078 1225 quem

115 1237 218 1289 noster
240 1228 379 1290 libertus
402 1246 462 1289 non
484 1229 549 1288 sinc
571 1228 711 1296 suavitate
734 1227 862 1307 quadam
884 1231 1009 1289 carmini
1025 1248 1078 1309 suo

111 1314 247 1374 intexuit.
292 1311 450 1391 Virgilius,
480 1312 616 1382 Ovidius,
645 1312 769 1382 Statius,
797 1311 990 1384 Claudianus,
1021 1312 1077 1374 Lu·

113 1415 216 1467 canus,
238 1398 377 1466 AvianuS,
400 1397 596 1458 Maximianus
619 1395 872 1478 (Pseudo-Gallus)
896 1397 1077 1475 Pamphilus,

112 1487 284 1561 Anonymus
305 1480 454 1551 Nercleti,
476 1481 621 1542 Pindarus
643 1479 802 1543 Thebanus
827 1481 851 1558 (a
875 1480 962 1542 nobis
977 1482 1077 1561 Epito-

112 1575 209 1626 mator
241 1565 385 1642 signatus)
424 1567 515 1626 immo
543 1566 696 1643 Benignus
724 1565 935 1636 FloriaoensiS,
969 1565 1078 1644 Alanus

113 1647 390 1728 (anticlaudianus),
420 1648 609 1715 Hildebertus
638 1647 685 1729 (de
708 1649 822 1710 excidio
845 1647 961 1729 Trojae)
985 1668 1077 1730 aeque

112 1752 147 1792 ac
177 1732 310 1795 Gualteri
347 1733 383 1793 ab
411 1733 520 1794 insulis
546 1733 739 1794 alexandreis
774 1733 861 1813 (quae
893 1732 980 1814 paulo
1009 1745 1077 1795 ante

112 1817 191 1878 edita
215 1818 288 1894 erat)
312 1836 367 1896 pro
389 1835 442 1878 sua
465 1820 591 1898 quisque
612 1825 696 1894 parte
717 1818 887 1887 cliecerunt,
911 1826 943 1877 ut
957 1833 1077 1879 carmen

112 1903 275 1979 elegantius
306 1909 335 1961 et
357 1900 395 1962 ob
418 1904 583 1963 sententias
610 1904 808 1978 interspersas
831 1902 986 1962 nervosius
1008 1922 1076 1985 pro-

111 1985 239 2047 cederet.
284 1984 348 2046 Non
371 1994 528 2048 centonem
552 1986 672 2064 quidem
696 1987 814 2066 scripsit
829 1986 967 2047 libertus
990 2005 1006 2047 e
1028 2006 1078 2047 va·

110 2071 165 2130 riis
188 2076 217 2130 et
238 2069 365 2130 diversis
387 2070 571 2131 carminibus
594 2078 624 2131 et
638 2073 803 2132 carminum
818 2072 991 2148 lragmentis
1007 2089 1077 2132 oon·

111 2161 222 2224 sutum,
244 2153 296 2214 sed
319 2154 486 2232 permultos
509 2173 619 2225 versus,
642 2159 695 2234 qni
717 2159 744 2216 ei
760 2163 878 2233 praesto
894 2163 988 2222 erant,
1012 2174 1086 2216 oar·.

111 2240 187 2298 mini
209 2239 347 2299 inseruit.
382 2238 557 2319 Quanquam
580 2241 728 2300 Ausonius
750 2241 786 2300 ad
809 2241 936 2300 amicum
953 2237 1077 2301 Paulum

111 2322 149 2381 de
177 2324 236 2383 isto
264 2324 405 2383 carminis
427 2323 601 2400 perficiendi
625 2323 713 2383 modo
734 2322 861 2402 judicat:
890 2342 980 2393 „nam
1003 2322 1078 2385 diros

108 2403 238 2483 junctim
259 2405 358 2469 locare
381 2424 499 2477 versus,
522 2410 657 2487 ineptum
680 2415 740 2468 est:
775 2415 805 2468 ct
826 2415 888 2467 tres
909 2426 968 2468 una
990 2410 1076 2478 serie,

111 2507 213 2550 merae
235 2499 361 2569 nugae“,
391 2495 422 2552 in
446 2492 672 2553 admirationem
695 2499 792 2552 tamen
813 2492 947 2570 rapimur
970 2492 1008 2553 ob
1031 2495 1077 2553 in·

113 2573 287 2635 credibilem
325 2579 421 2637 nostri
457 2575 548 2637 multa
584 2577 615 2637 in
648 2577 777 2636 lectione
807 2578 915 2637 versati
949 2579 1078 2638 auctoris

113 2659 298 2728 memoriam,
322 2662 374 2740 qui
388 2660 529 2741 quicquid
544 2659 601 2720 sibi
616 2679 692 2738 opus
703 2671 777 2736 erat,
793 2678 829 2720 ex
844 2660 969 2721 diversis
980 2664 1078 2740 poetis

110 2749 230 2821 praesto
265 2743 384 2804 videtur
416 2743 582 2806 babuisse·
616 2743 767 2807 Plurimos
798 2762 901 2806 versus
932 2748 1076 2814 eruimus,

52 2885 57 2900 ,
110 2825 361 2908 adposuimusqne
393 2827 489 2900 locos,
524 2827 634 2907 quibus
666 2829 794 2890 desumti
826 2838 909 2898 sunt,
945 2829 995 2890 alii
1024 2847 1078 2890 nos
1134 2869 1136 2872 -

110 2910 246 2972 fortassis
268 2911 450 2990 effugerunt;
478 2914 537 2984 alii,
560 2932 636 2993 quos
658 2913 708 2975 hic
731 2931 958 2983 enumeramus,
989 2915 1076 2974 etiam

109 3027 153 3039 -
174 2995 253 3055 lorte
280 3013 340 3056 non
368 2997 473 3057 iisdem
501 2998 599 3059 verbis
621 3010 651 3059 et
672 3016 732 3059 non
753 2999 863 3076 intcgri
885 3031 927 3042 -
949 2998 979 3057 in
1002 2999 1074 3058 anti-

110 3079 178 3158 quis
199 3081 294 3156 poetis
316 3079 409 3141 latere
432 3084 631 3160 suspicamur.

194 3162 348 3242 Ejusmodi
370 3175 455 3225 sunt:

195 3247 260 3308 Lib.
277 3248 299 3308 1.
323 3266 368 3308 vv.
384 3245 456 3310 223.
468 3245 545 3311 Ι301.
561 3246 634 3312 312.
650 3246 722 3312 313.
737 3246 810 3312 323.
825 3247 898 3311 324.
913 3247 987 3311 357.
1003 3245 1075 3310 358.

107 3327 267 3392 411-16.
289 3328 448 3396 419-28.
471 3330 544 3395 459.
568 3330 621 3396 60.
643 3332 717 3396 465.
737 3331 810 3396 466.
826 3332 899 3395 471.
915 3329 988 3393 472.
1003 3329 1076 3395 475.

108 3412 185 3536 476ἐ
205 3412 277 3477 504.
301 3413 373 3478 507.
389 3413 462 3479 508.
477 3414 549 3479 511.
565 3414 637 3479 512.
651 3415 725 3484 609.
739 3415 814 3481 675.
828 3414 1091 3480 66066145.
