2378 3810
443 154 506 205 Lib.
526 155 553 207 I..
572 172 599 208 v,
620 157 717 206 1-25.

398 269 545 357 acoron
562 302 756 358 racemum

93 424 282 486 Scribentem
305 425 385 486 iuvat
406 427 471 504 ipse
493 423 577 484 labor
598 422 765 504 minuitque
788 425 931 497 laborem,

138 509 270 590 Cumque
292 527 346 570 suo
370 527 510 570 crescens
534 517 655 586 pectore
679 509 774 570 fervet
796 529 887 590 opus:

94 592 205 654 Taliter
227 594 371 655 historiae
393 594 540 654 Troianae
563 593 683 654 demere
707 593 790 670 falsa,

137 678 279 739 Promere
301 696 369 739 vera
393 697 477 738 meus
500 678 552 737 ivit
574 680 605 737 in
629 697 710 739 arma
733 679 828 740 stilus,

93 762 279 825 Automedon
304 779 401 839 verne,
426 764 528 841 etqui
551 762 629 822 videt
652 765 751 823 omnia
775 763 915 825 Phoebus

138 847 175 908 Ut
197 846 273 908 bene
296 855 396 908 currat
418 863 503 924 opus,
526 847 575 915 sit,
599 864 682 924 rogo,
706 855 785 908 temo
809 867 903 909 meus.

376 1001 564 1080 nuenario
583 1027 772 1082 Auoroms

94 1133 217 1194 Crethei
237 1133 337 1212 proles
361 1131 457 1192 Pelias
480 1130 695 1210 Pelopensibus
718 1131 788 1192 clim

138 1217 277 1297 Imperat,
297 1215 382 1277 illius
404 1215 513 1276 Aeolus
536 1223 615 1276 extat
638 1235 719 1277 avus.

97 1301 205 1362 Frater
228 1306 290 1362 erat
312 1300 412 1362 Peliae
435 1300 481 1360 vel
504 1317 563 1361 non
585 1300 722 1379 ignobilis
745 1302 849 1369 Aeson,

108 1423 113 1430 -
137 1386 254 1446 lasonis
275 1387 332 1446 iste
354 1394 449 1465 pater,
473 1385 596 1446 Graecia
620 1393 700 1446 terra
723 1386 788 1447 fuit.
1027 1398 1060 1447 10

94 1469 187 1531 Jason
211 1468 365 1530 amabatur
388 1490 404 1530 a
428 1473 554 1545 cunctis,
577 1488 696 1548 semper
719 1488 849 1532 amorem

140 1553 330 1615 strennuitas
352 1556 431 1614 socia
455 1553 622 1634 dapsilitate
645 1554 734 1615 dedit.

93 1637 176 1699 Vidit
199 1646 228 1700 et
249 1638 353 1699 invidit
374 1647 500 1717 patruus
524 1637 670 1716 tituloque
692 1640 831 1718 pavescit,

136 1723 199 1783 Hoc
221 1724 372 1802 sceptrum
396 1724 481 1800 regni
504 1740 640 1784 crescere
662 1723 762 1784 forsan
786 1725 822 1793 ei,

92 1807 223 1868 intendit
244 1808 381 1867 invenem
403 1809 460 1867 vita
485 1809 612 1885 privare,
636 1825 692 1867 nec
714 1805 786 1868 illud
1028 1821 1059 1870 15

138 1891 234 1952 Audet
256 1892 332 1952 inire
355 1891 464 1970 palam,
488 1891 614 1952 fabricat
636 1909 705 1970 erga
730 1890 839 1961 dolum.

91 1974 220 2036 Colchos
242 1977 377 2036 inaurata
399 1978 532 2036 vervecis
555 1976 633 2054 pelle
656 1976 792 2054 refulget,

137 2059 264 2129 Vellera,
288 2062 338 2138 qui
361 2063 468 2138 rapiet,
492 2061 600 2137 dignus
623 2061 736 2121 honore
759 2063 847 2122 foret.

94 2142 203 2204 Pensat
225 2162 259 2204 eo
281 2160 335 2203 rex
358 2145 534 2206 Aesonidem
558 2144 613 2216 hac
636 2147 755 2206 mittere
778 2153 887 2216 mente,

138 2227 227 2289 Forte
248 2233 354 2307 petens
377 2229 492 2289 landem
515 2230 649 2308 proferet
669 2228 718 2290 ille
742 2248 855 2294 necem.
1026 2241 1060 2290 20

92 2311 150 2381 „Si
172 2313 269 2390 quis“,
294 2314 342 2380 ait,
367 2313 461 2389 „mihi
484 2313 620 2374 retulerit
641 2332 708 2374 cum
732 2313 810 2392 pelle
833 2314 1025 2393 triumphum,

32 2437 36 2441 -
136 2395 216 2466 Quae
239 2394 301 2457 vult
323 2407 427 2475 poscat
449 2405 478 2458 et
500 2398 582 2473 haec,
607 2416 654 2457 me
677 2397 838 2466 tribuente,
863 2398 970 2459 ferat.“

94 2479 157 2539 lloc
180 2479 256 2541 calet
279 2480 376 2542 edicto
400 2500 483 2542 mens
505 2483 630 2550 tasonis,
655 2481 770 2542 aemula
793 2482 896 2554 laudis

138 2564 203 2624 Jam
227 2565 299 2626 facit
320 2566 349 2626 in
373 2568 462 2627 variis
485 2568 572 2627 fortia
595 2567 672 2627 facta
695 2565 777 2636 locis,

95 2647 232 2727 Veroque
254 2667 315 2710 non
338 2668 442 2729 parvas
465 2651 562 2710 animo
586 2650 636 2711 dat
658 2650 749 2729 gloria
772 2651 857 2722 vires,
1026 2662 1058 2712 25

91 2778 296 2793 m

163 2851 186 2899 1.
209 2852 233 2902 2.
269 2849 363 2901 Ovidii
385 2856 449 2901 sunt
467 2852 548 2905 Pont.
567 2852 619 2913 ΙΙΙ,
639 2854 662 2914 9,
681 2819 721 2906 at.
740 2854 780 2916 22,
806 2853 855 2903 ubi
872 2853 967 2903 tamen
985 2813 1071 2904 Scri-'

92 2913 206 2968 bentem
221 2915 304 2980 juvat
321 2919 380 2984 ipse
400 2919 486 2981 favor,
505 2920 660 2984 minuitque
679 2924 733 2970 etc.
804 2923 827 2971 5.
846 2922 957 2984 Margo:
975 2919 1060 2971 Invo-

92 2987 148 3039 cat,
218 2986 242 3037 Ι.
262 2987 373 3051 Margo:
393 2985 496 3038 Aeolus
515 2988 583 3037 daus
600 2992 745 3037 ventorum

297 3053 429 3105 Cretheus
448 3069 514 3104 suus
532 3053 605 3104 filius

260 3124 629 3164 κ--Ν--ῆ

178 3192 184 3203 ·
261 3172 356 3224 Pelias
375 3181 403 3225 et
421 3170 513 3225 Aeson
532 3176 633 3225 fratres

364 3308 453 3360 deson
471 3308 553 3360 filius.
762 3364 764 3368 μ

88 3374 142 3492 q112⁸
143 3455 159 3492 0
161 3375 328 3492 neegaoagine
346 3391 394 3441 pro
413 3376 526 3441 pellere.
616 3380 655 3432 19.
685 3377 812 3432 Aesonid.
831 3377 1059 3444 superscriptum:
