2378 3810
154 156 214 224 106
458 158 520 212 Lib.
538 159 586 210 IV.
622 175 649 216 v.
668 161 810 212 aaa-lat.

194 314 362 394 Vapparum
385 313 475 380 sociis
497 310 672 373 lubricitatis
694 313 765 373 iter!

152 401 289 478 Europae
312 417 397 458 mens
420 405 473 466 est,
496 404 529 456 ut
551 398 660 458 semina
684 400 779 477 turpis
801 397 918 458 honesti

194 484 227 544 ln
250 481 411 544 thalamum
433 481 544 551 redeat,
568 483 606 542 sit
628 484 711 562 quasi
734 484 825 560 virgo,
849 484 913 543 viri.
1070 493 1121 543 140

151 569 219 630 Non
241 567 320 628 bene
343 568 529 637 conveniunt,
553 585 610 627 nec
629 568 660 626 in
683 585 741 627 una
763 566 841 627 sede
857 575 1014 629 morantur
1069 616 1071 620 .

196 653 246 713 Vir
268 655 345 714 vitae
370 650 534 732 speculum,
557 652 667 712 femina
691 651 747 712 rile
770 651 873 717 lutum,

151 737 188 798 Et
211 756 265 798 nos
288 739 407 815 egregie
429 754 605 816 pugnamus,
630 739 684 815 qui
705 736 868 814 repetenda

195 822 254 883 Nos
277 824 359 900 ipsos
381 820 435 882 tali
454 839 509 901 pro
532 819 658 881 muliere
681 821 794 882 damus.

151 907 232 968 ilaec
254 905 281 967 si
303 905 407 967 militia
430 906 469 966 sit
490 905 615 966 honesta
636 905 742 975 ridete,
765 905 872 976 ridete,
1069 916 1120 966 145

196 992 227 1052 Si
250 990 341 1051 decus
364 998 416 1060 est,
440 993 539 1052 causis
562 989 669 1052 talibus
691 1007 772 1051 arma
796 990 877 1051 dare.

152 1074 284 1136 Militiam
308 1077 349 1137 sie
373 1075 440 1136 nolo
463 1076 556 1154 sequi,
580 1093 630 1135 vos
654 1092 725 1152 ergo
747 1075 844 1135 redite

195 1161 233 1220 itt
254 1163 320 1238 regi
342 1161 450 1221 mentis
472 1170 540 1220 vota
563 1160 676 1220 referte
698 1177 792 1220 meae.

151 1245 230 1305 Tres
252 1263 339 1317 verso
363 1245 480 1306 rediere
504 1243 606 1322 gradu,
631 1245 753 1324 regique
776 1261 954 1322 responsum

195 1328 296 1390 Militis
319 1336 487 1407 apportant,
512 1329 652 1408 quodque
674 1330 776 1389 venire
799 1338 898 1407 negat.
1072 1336 1123 1385 150

299 1473 498 1530 CONSILIUM
515 1475 720 1531 PRINCIPUM
739 1474 974 1531 GRAECORUM.

152 1581 264 1645 Accitis
287 1580 414 1644 ducibus
435 1600 498 1652 rex,
522 1598 556 1641 re
578 1600 672 1660 super
691 1582 748 1642 hac
771 1581 842 1661 quid
865 1588 979 1660 agatur,

196 1666 341 1727 Obsecrat
363 1668 481 1727 interna
505 1664 637 1745 pendere
660 1684 809 1746 quemque
832 1664 919 1727 libra.

153 1751 197 1813 Ne
221 1769 388 1829 paveamus,
413 1750 453 1811 ait
474 1751 635 1821 Menelaus,
658 1759 783 1830 propter
804 1749 964 1820 Achillem余

196 1836 342 1915 Prospera
365 1835 527 1897 succedent
549 1844 669 1913 praeter
692 1834 812 1896 Achillis
835 1853 931 1914 opem.

152 1921 323 1983 Attemtabo
345 1923 451 1989 virum,
474 1921 501 1981 si
522 1921 600 1981 forte
622 1920 781 1981 rellectere
802 1921 929 1999 possim余
1074 1926 1123 1976 155

195 2005 228 2066 Si
251 2023 320 2073 non,
344 2003 537 2082 praestabunt
558 2005 675 2083 proelia
698 2012 801 2066 nostra
824 2003 923 2064 modo.

152 2089 282 2150 llectore
304 2088 392 2166 Troja
416 2096 506 2158 caret,
530 2107 590 2149 non
613 2096 658 2149 est
681 2089 723 2150 ibi
738 2090 832 2150 'fortis
854 2096 888 2149 nt
909 2087 1028 2157 Hector,

198 2173 340 2233 Aeacides
363 2171 448 2233 nobis
471 2173 548 2234 desit
570 2182 602 2234 ut
625 2173 738 2235 Hector
759 2174 811 2234 eis.

153 2257 220 2319 Non
242 2257 350 2335 probat
372 2257 502 2318 edictum
525 2257 684 2318 Diomedes
705 2258 778 2318 hoc:
803 2257 981 2336 Troilusque

195 2342 261 2403 Non
284 2340 374 2403 habet
396 2343 520 2403 inferius
543 2342 672 2403 Hectore
695 2340 797 2426 robur,
821 2343 871 2402 ait.
1072 2349 1126 2398 160

152 2426 234 2488 Bella
256 2437 328 2506 puto
350 2425 486 2507 sepelire,
509 2426 619 2487 bonam
642 2428 822 2507 conquirere
844 2443 963 2506 pacem余

196 2512 233 2572 Et
254 2511 426 2573 Laertiades
448 2511 624 2573 testificatur
646 2512 737 2573 idem.

152 2594 218 2656 Non
241 2593 347 2656 lusisse
369 2596 470 2673 pudet,
495 2596 548 2657 sed
570 2614 630 2656 uon
652 2597 785 2656 incidere
807 2594 928 2664 iudum余

196 2680 268 2741 Cum
291 2680 383 2741 fuerit
404 2680 490 2741 ludus
513 2684 654 2760 optimus,
679 2680 755 2741 abde
777 2679 880 2760 pilam.

222 2848 279 2898 138.
297 2848 428 2912 marginis
452 2848 586 2899 scholion.
610 2859 711 2913 vappa.
735 2848 812 2915 gluto
836 2847 881 2898 rel
899 2846 993 2913 garcio
1011 2843 1124 2897 bibulus

153 2915 198 2966 vel
216 2915 326 2967 nebulo.
398 2917 454 2970 141.
473 2916 524 2967 Or.
543 2916 595 2965 Are
612 2917 665 2980 111,
682 2918 732 2968 436

364 3009 398 3018 -
418 2988 446 3033 et
463 2984 492 3032 in
509 2982 587 3032 nulle
606 2983 672 3034 sede
691 2989 814 3034 moratur
833 2998 909 3033 emer

153 3052 210 3102 151.
231 3050 325 3102 Gualt.
343 3049 421 3102 Alex.
441 3051 489 3111 IV,
510 3052 566 3105 109.
586 3052 618 3100 10

287 3144 289 3149 c
559 3143 594 3154 -
611 3119 755 3168 -citatis

219 3185 253 3234 In
272 3190 380 3236 coetum
399 3185 522 3247 ducibus,
541 3185 670 3249 quidnam
690 3200 771 3252 super
788 3185 831 3235 his
849 3185 888 3236 sit
906 3182 1049 3251 aagendam.

153 3252 210 3307 162.
229 3248 366 3318 Marginis
389 3252 529 3303 scholion:
556 3252 655 3304 Ulixes
678 3253 749 3304 filius
772 3252 892 3303 Laertia.
979 3252 1035 3302 163.
1054 3251 1123 3302 Hor.

150 3321 239 3385 Epist.
258 3321 281 3384 i,
302 3322 342 3384 14,
362 3322 394 3371 36
413 3321 470 3371 Nec
489 3320 591 3370 lusisse
609 3321 703 3386 pudet,
722 3320 771 3372 aad
789 3335 844 3371 non
862 3319 985 3370 incidere
1002 3317 1097 3368 ludum

152 3390 210 3439 164.
215 3387 297 3454 Apud
307 3386 486 3438 Gartnerum:
501 3388 693 3447 Proverbiaiia
703 3391 768 3440 1574
777 3403 804 3454 p.
815 3389 863 3438 tte
873 3377 1016 3439 iuvenitur
1025 3384 1127 3436 eadem

144 3458 304 3507 sententia:
321 3456 395 3507 Dum
413 3455 495 3507 ludus
513 3456 601 3507 bonus
619 3462 668 3520 est,
687 3458 776 3523 ipsum
794 3455 936 3506 dimittere
953 3453 998 3504 ies
1012 3456 1064 3506 est.
