<?xml version="1.0" encoding="UTF-8"?>
<!DOCTYPE html PUBLIC "-//W3C//DTD XHTML 1.0 Transitional//EN"
    "http://www.w3.org/TR/xhtml1/DTD/xhtml1-transitional.dtd">
<html xmlns="http://www.w3.org/1999/xhtml" xml:lang="en" lang="en">
 <head>
  <title>
</title>
<meta http-equiv="Content-Type" content="text/html;charset=utf-8" />
  <meta name='ocr-system' content='tesseract 3.04.00' />
  <meta name='ocr-capabilities' content='ocr_page ocr_carea ocr_par ocr_line ocrx_word'/>
</head>
<body>
  <div class='ocr_page' id='page_1' title='image "./troilus00hildgoog_0137.png"; bbox 0 0 2378 3810; ppageno 0'>
   <div class='ocr_carea' id='block_1_1' title="bbox 70 175 847 249">
    <p class='ocr_par' dir='ltr' id='par_1_1' title="bbox 70 175 847 249">
     <span class='ocr_line' id='line_1_1' title="bbox 70 175 847 249; baseline -0.019 -9"><span class='ocrx_word' id='word_1_1' title='bbox 70 244 75 249; x_wconf 68' lang='grc'><em>,</em></span> <span class='ocrx_word' id='word_1_2' title='bbox 156 175 216 238; x_wconf 81' lang='lat'>112</span> <span class='ocrx_word' id='word_1_3' title='bbox 468 176 531 226; x_wconf 84' lang='lat' dir='ltr'>Lib.</span> <span class='ocrx_word' id='word_1_4' title='bbox 549 175 596 226; x_wconf 87' lang='lat' dir='ltr'>1v.</span> <span class='ocrx_word' id='word_1_5' title='bbox 625 175 812 226; x_wconf 80' lang='lat' dir='ltr'>v.·ere-ara.</span> <span class='ocrx_word' id='word_1_6' title='bbox 840 239 847 245; x_wconf 19' lang='lat' dir='ltr'>g</span> 
     </span>
    </p>
   </div>
   <div class='ocr_carea' id='block_1_2' title="bbox 133 327 1008 1677">
    <p class='ocr_par' dir='ltr' id='par_1_2' title="bbox 133 327 1008 1677">
     <span class='ocr_line' id='line_1_2' title="bbox 154 327 902 409; baseline 0.001 -21"><span class='ocrx_word' id='word_1_7' title='bbox 154 329 263 390; x_wconf 90' lang='lat' dir='ltr'>Verum</span> <span class='ocrx_word' id='word_1_8' title='bbox 286 328 487 408; x_wconf 82' lang='lat' dir='ltr'><strong>Myrmidones</strong></span> <span class='ocrx_word' id='word_1_9' title='bbox 509 330 670 390; x_wconf 90' lang='lat' dir='ltr'>instaurat:</span> <span class='ocrx_word' id='word_1_10' title='bbox 695 327 776 389; x_wconf 93' lang='lat' dir='ltr'>nulla</span> <span class='ocrx_word' id='word_1_11' title='bbox 798 330 902 409; x_wconf 82' lang='lat' dir='ltr'>rapina</span> 
     </span>
     <span class='ocr_line' id='line_1_3' title="bbox 199 412 912 490; baseline 0 -16"><span class='ocrx_word' id='word_1_12' title='bbox 199 416 266 484; x_wconf 91' lang='lat' dir='ltr'>Vos,</span> <span class='ocrx_word' id='word_1_13' title='bbox 291 415 339 484; x_wconf 94' lang='lat' dir='ltr'>ait,</span> <span class='ocrx_word' id='word_1_14' title='bbox 364 412 470 475; x_wconf 89' lang='lat' dir='ltr'>alliciat</span> <span class='ocrx_word' id='word_1_15' title='bbox 492 413 690 474; x_wconf 76' lang='lat' dir='ltr'>dum&#39;mucro</span> <span class='ocrx_word' id='word_1_16' title='bbox 714 421 796 490; x_wconf 83' lang='lat' dir='ltr'>terga</span> <span class='ocrx_word' id='word_1_17' title='bbox 821 422 912 475; x_wconf 84' lang='lat' dir='ltr'>secat.</span> 
     </span>
     <span class='ocr_line' id='line_1_4' title="bbox 154 493 939 578; baseline -0.001 -19"><span class='ocrx_word' id='word_1_18' title='bbox 154 498 311 578; x_wconf 84' lang='lat' dir='ltr'>Nunquam</span> <span class='ocrx_word' id='word_1_19' title='bbox 334 516 383 560; x_wconf 92' lang='lat' dir='ltr'>res</span> <span class='ocrx_word' id='word_1_20' title='bbox 405 493 508 568; x_wconf 76' lang='lat' dir='ltr'>hostis,</span> <span class='ocrx_word' id='word_1_21' title='bbox 532 500 608 559; x_wconf 92' lang='lat' dir='ltr'>victo</span> <span class='ocrx_word' id='word_1_22' title='bbox 630 515 691 556; x_wconf 91' lang='lat' dir='ltr'>non</span> <span class='ocrx_word' id='word_1_23' title='bbox 714 497 809 567; x_wconf 88' lang='lat' dir='ltr'>hoste,</span> <span class='ocrx_word' id='word_1_24' title='bbox 834 497 939 559; x_wconf 82' lang='lat' dir='ltr'>levetis</span> 
     </span>
     <span class='ocr_line' id='line_1_5' title="bbox 199 581 944 662; baseline -0.001 -17"><span class='ocrx_word' id='word_1_25' title='bbox 199 585 296 662; x_wconf 83' lang='lat' dir='ltr'>Saepe</span> <span class='ocrx_word' id='word_1_26' title='bbox 318 582 426 646; x_wconf 82' lang='lat' dir='ltr'>fefellit</span> <span class='ocrx_word' id='word_1_27' title='bbox 448 600 522 662; x_wconf 93' lang='lat' dir='ltr'>opus</span> <span class='ocrx_word' id='word_1_28' title='bbox 545 581 654 661; x_wconf 91' lang='lat' dir='ltr'>praeda</span> <span class='ocrx_word' id='word_1_29' title='bbox 677 581 772 644; x_wconf 89' lang='lat' dir='ltr'>levata</span> <span class='ocrx_word' id='word_1_30' title='bbox 795 585 886 661; x_wconf 90' lang='lat' dir='ltr'>prius.</span> <span class='ocrx_word' id='word_1_31' title='bbox 940 590 944 594; x_wconf 84' lang='grc'><strong>’</strong></span> 
     </span>
     <span class='ocr_line' id='line_1_6' title="bbox 155 666 841 746; baseline -0.003 -16"><span class='ocrx_word' id='word_1_32' title='bbox 155 669 252 736; x_wconf 81' lang='lat' dir='ltr'>Corde</span> <span class='ocrx_word' id='word_1_33' title='bbox 273 668 394 729; x_wconf 88' lang='lat' dir='ltr'>leonino</span> <span class='ocrx_word' id='word_1_34' title='bbox 416 684 468 728; x_wconf 85' lang='lat' dir='ltr'>ros</span> <span class='ocrx_word' id='word_1_35' title='bbox 491 666 642 746; x_wconf 86' lang='lat' dir='ltr'>objiciatis</span> <span class='ocrx_word' id='word_1_36' title='bbox 663 669 694 727; x_wconf 92' lang='lat' dir='ltr'>in</span> <span class='ocrx_word' id='word_1_37' title='bbox 716 668 841 738; x_wconf 86' lang='lat' dir='ltr'>hostem,</span> 
     </span>
     <span class='ocr_line' id='line_1_7' title="bbox 196 751 854 832; baseline -0.002 -18"><span class='ocrx_word' id='word_1_38' title='bbox 196 752 279 814; x_wconf 92' lang='lat' dir='ltr'>Mens</span> <span class='ocrx_word' id='word_1_39' title='bbox 301 753 412 832; x_wconf 91' lang='lat' dir='ltr'>leporis</span> <span class='ocrx_word' id='word_1_40' title='bbox 435 751 514 812; x_wconf 93' lang='lat' dir='ltr'>bello</span> <span class='ocrx_word' id='word_1_41' title='bbox 539 754 588 811; x_wconf 86' lang='lat' dir='ltr'>vix</span> <span class='ocrx_word' id='word_1_42' title='bbox 609 751 686 812; x_wconf 89' lang='lat' dir='ltr'>valet</span> <span class='ocrx_word' id='word_1_43' title='bbox 709 770 761 813; x_wconf 92' lang='lat' dir='ltr'>ova</span> <span class='ocrx_word' id='word_1_44' title='bbox 785 752 854 814; x_wconf 95' lang='lat' dir='ltr'>duo.</span> 
     </span>
     <span class='ocr_line' id='line_1_8' title="bbox 154 836 941 908; baseline -0.003 -8"><span class='ocrx_word' id='word_1_45' title='bbox 154 837 233 907; x_wconf 79' lang='lat' dir='ltr'>Quot</span> <span class='ocrx_word' id='word_1_46' title='bbox 255 838 373 899; x_wconf 86' lang='lat' dir='ltr'>Troilus</span> <span class='ocrx_word' id='word_1_47' title='bbox 395 836 479 897; x_wconf 89' lang='lat' dir='ltr'>vobis</span> <span class='ocrx_word' id='word_1_48' title='bbox 501 837 669 897; x_wconf 84' lang='lat' dir='ltr'>numeravit</span> <span class='ocrx_word' id='word_1_49' title='bbox 690 836 805 908; x_wconf 84' lang='lat' dir='ltr'>lunera,</span> <span class='ocrx_word' id='word_1_50' title='bbox 829 839 941 908; x_wconf 89' lang='lat' dir='ltr'>nostis;</span> 
     </span>
     <span class='ocr_line' id='line_1_9' title="bbox 196 921 912 1000; baseline 0 -18"><span class='ocrx_word' id='word_1_51' title='bbox 196 921 340 985; x_wconf 89' lang='lat' dir='ltr'>Novimus</span> <span class='ocrx_word' id='word_1_52' title='bbox 361 925 528 991; x_wconf 87' lang='lat' dir='ltr'>innumera,</span> <span class='ocrx_word' id='word_1_53' title='bbox 554 939 629 1000; x_wconf 90' lang='lat' dir='ltr'>quae</span> <span class='ocrx_word' id='word_1_54' title='bbox 653 938 811 982; x_wconf 92' lang='lat' dir='ltr'>numerare</span> <span class='ocrx_word' id='word_1_55' title='bbox 833 922 912 983; x_wconf 86' lang='lat' dir='ltr'>velit.</span> 
     </span>
     <span class='ocr_line' id='line_1_10' title="bbox 154 1005 860 1085; baseline -0.001 -17"><span class='ocrx_word' id='word_1_56' title='bbox 154 1008 189 1068; x_wconf 95' lang='lat' dir='ltr'>ln</span> <span class='ocrx_word' id='word_1_57' title='bbox 212 1006 347 1068; x_wconf 85' lang='lat' dir='ltr'>Troilum</span> <span class='ocrx_word' id='word_1_58' title='bbox 371 1007 468 1068; x_wconf 92' lang='lat' dir='ltr'>solum</span> <span class='ocrx_word' id='word_1_59' title='bbox 491 1008 570 1067; x_wconf 89' lang='lat' dir='ltr'>vires</span> <span class='ocrx_word' id='word_1_60' title='bbox 593 1005 753 1085; x_wconf 83' lang='lat' dir='ltr'>expendite</span> <span class='ocrx_word' id='word_1_61' title='bbox 775 1013 860 1077; x_wconf 92' lang='lat' dir='ltr'>totas,</span> 
     </span>
     <span class='ocr_line' id='line_1_11' title="bbox 197 1090 885 1170; baseline -0.001 -18"><span class='ocrx_word' id='word_1_62' title='bbox 197 1092 296 1154; x_wconf 82' lang='lat' dir='ltr'>Discat</span> <span class='ocrx_word' id='word_1_63' title='bbox 318 1095 349 1153; x_wconf 91' lang='lat' dir='ltr'>in</span> <span class='ocrx_word' id='word_1_64' title='bbox 373 1099 526 1154; x_wconf 86' lang='lat' dir='ltr'>auctorem</span> <span class='ocrx_word' id='word_1_65' title='bbox 550 1107 644 1170; x_wconf 90' lang='lat' dir='ltr'>poena</span> <span class='ocrx_word' id='word_1_66' title='bbox 667 1090 766 1151; x_wconf 91' lang='lat' dir='ltr'>redire</span> <span class='ocrx_word' id='word_1_67' title='bbox 788 1108 885 1152; x_wconf 89' lang='lat' dir='ltr'>suum.</span> 
     </span>
     <span class='ocr_line' id='line_1_12' title="bbox 155 1174 1000 1256; baseline 0.001 -20"><span class='ocrx_word' id='word_1_68' title='bbox 155 1177 330 1239; x_wconf 86' lang='lat' dir='ltr'>Transierat</span> <span class='ocrx_word' id='word_1_69' title='bbox 351 1194 407 1254; x_wconf 92' lang='lat' dir='ltr'>pro</span> <span class='ocrx_word' id='word_1_70' title='bbox 430 1182 515 1255; x_wconf 92' lang='lat' dir='ltr'>parte</span> <span class='ocrx_word' id='word_1_71' title='bbox 538 1175 612 1245; x_wconf 90' lang='lat' dir='ltr'>dies,</span> <span class='ocrx_word' id='word_1_72' title='bbox 636 1174 815 1256; x_wconf 92' lang='lat' dir='ltr'>Troilusque</span> <span class='ocrx_word' id='word_1_73' title='bbox 837 1175 1000 1237; x_wconf 89' lang='lat' dir='ltr'>timendum</span> 
     </span>
     <span class='ocr_line' id='line_1_13' title="bbox 133 1261 897 1342; baseline -0.003 -20"><span class='ocrx_word' id='word_1_74' title='bbox 133 1307 136 1314; x_wconf 86' lang='lat'>.</span> <span class='ocrx_word' id='word_1_75' title='bbox 196 1263 304 1342; x_wconf 90' lang='lat' dir='ltr'>Trojae</span> <span class='ocrx_word' id='word_1_76' title='bbox 326 1262 507 1341; x_wconf 88' lang='lat' dir='ltr'>praesidium</span> <span class='ocrx_word' id='word_1_77' title='bbox 530 1262 646 1321; x_wconf 83' lang='lat' dir='ltr'>ferreus</span> <span class='ocrx_word' id='word_1_78' title='bbox 667 1261 760 1321; x_wconf 90' lang='lat' dir='ltr'>intrat</span> <span class='ocrx_word' id='word_1_79' title='bbox 782 1278 897 1338; x_wconf 84' lang='lat' dir='ltr'>agrum.</span> 
     </span>
     <span class='ocr_line' id='line_1_14' title="bbox 154 1344 973 1425; baseline -0.004 -18"><span class='ocrx_word' id='word_1_80' title='bbox 154 1346 333 1408; x_wconf 90' lang='lat' dir='ltr'>Vectabatur</span> <span class='ocrx_word' id='word_1_81' title='bbox 357 1363 432 1425; x_wconf 90' lang='lat' dir='ltr'>equo</span> <span class='ocrx_word' id='word_1_82' title='bbox 456 1353 603 1424; x_wconf 89' lang='lat' dir='ltr'>tamquam</span> <span class='ocrx_word' id='word_1_83' title='bbox 627 1344 674 1405; x_wconf 92' lang='lat' dir='ltr'>leo</span> <span class='ocrx_word' id='word_1_84' title='bbox 697 1347 795 1406; x_wconf 83' lang='lat' dir='ltr'>fertur</span> <span class='ocrx_word' id='word_1_85' title='bbox 816 1347 848 1406; x_wconf 92' lang='lat' dir='ltr'>iu</span> <span class='ocrx_word' id='word_1_86' title='bbox 870 1348 973 1423; x_wconf 82' lang='lat' dir='ltr'>Argos,</span> 
     </span>
     <span class='ocr_line' id='line_1_15' title="bbox 196 1428 952 1510; baseline -0.001 -19"><span class='ocrx_word' id='word_1_87' title='bbox 196 1432 258 1491; x_wconf 91' lang='lat' dir='ltr'>llos</span> <span class='ocrx_word' id='word_1_88' title='bbox 281 1431 373 1506; x_wconf 89' lang='lat' dir='ltr'>lugat,</span> <span class='ocrx_word' id='word_1_89' title='bbox 397 1437 429 1490; x_wconf 91' lang='lat' dir='ltr'>ut</span> <span class='ocrx_word' id='word_1_90' title='bbox 454 1429 557 1502; x_wconf 88' lang='lat' dir='ltr'>credas</span> <span class='ocrx_word' id='word_1_91' title='bbox 580 1428 657 1508; x_wconf 90' lang='lat' dir='ltr'>quod</span> <span class='ocrx_word' id='word_1_92' title='bbox 678 1429 760 1509; x_wconf 85' lang='lat' dir='ltr'>juvet</span> <span class='ocrx_word' id='word_1_93' title='bbox 783 1431 827 1491; x_wconf 93' lang='lat' dir='ltr'>ala</span> <span class='ocrx_word' id='word_1_94' title='bbox 852 1431 952 1510; x_wconf 87' lang='lat' dir='ltr'>pedes.</span> 
     </span>
     <span class='ocr_line' id='line_1_16' title="bbox 153 1514 1008 1595; baseline -0.002 -19"><span class='ocrx_word' id='word_1_95' title='bbox 153 1514 354 1595; x_wconf 81' lang='lat' dir='ltr'>Myrmidones</span> <span class='ocrx_word' id='word_1_96' title='bbox 377 1514 457 1575; x_wconf 90' lang='lat' dir='ltr'>docti</span> <span class='ocrx_word' id='word_1_97' title='bbox 479 1514 580 1573; x_wconf 88' lang='lat' dir='ltr'>Troilo</span> <span class='ocrx_word' id='word_1_98' title='bbox 604 1514 693 1575; x_wconf 90' lang='lat' dir='ltr'>simul</span> <span class='ocrx_word' id='word_1_99' title='bbox 716 1520 746 1575; x_wconf 89' lang='lat' dir='ltr'>et</span> <span class='ocrx_word' id='word_1_100' title='bbox 768 1515 860 1576; x_wconf 90' lang='lat' dir='ltr'>semel</span> <span class='ocrx_word' id='word_1_101' title='bbox 881 1516 1008 1575; x_wconf 90' lang='lat' dir='ltr'>instant·</span> 
     </span>
     <span class='ocr_line' id='line_1_17' title="bbox 153 1597 911 1677; baseline -0.003 -17"><span class='ocrx_word' id='word_1_102' title='bbox 153 1651 164 1677; x_wconf 73' lang='grc'><em>,</em></span> <span class='ocrx_word' id='word_1_103' title='bbox 196 1600 233 1660; x_wconf 89' lang='lat' dir='ltr'>Et</span> <span class='ocrx_word' id='word_1_104' title='bbox 255 1599 371 1661; x_wconf 80' lang='lat' dir='ltr'>llanaos</span> <span class='ocrx_word' id='word_1_105' title='bbox 393 1607 550 1668; x_wconf 85' lang='lat' dir='ltr'>revocant;</span> <span class='ocrx_word' id='word_1_106' title='bbox 574 1598 670 1660; x_wconf 92' lang='lat' dir='ltr'>denuo</span> <span class='ocrx_word' id='word_1_107' title='bbox 694 1597 770 1659; x_wconf 89' lang='lat' dir='ltr'>bella</span> <span class='ocrx_word' id='word_1_108' title='bbox 793 1608 911 1661; x_wconf 92' lang='lat' dir='ltr'>sonant.</span> 
     </span>
    </p>
   </div>
   <div class='ocr_carea' id='block_1_3' title="bbox 43 1683 903 1763">
    <p class='ocr_par' dir='ltr' id='par_1_3' title="bbox 43 1683 903 1763">
     <span class='ocr_line' id='line_1_18' title="bbox 43 1683 903 1763; baseline -0.001 -18"><span class='ocrx_word' id='word_1_109' title='bbox 43 1723 44 1727; x_wconf 59' lang='lat'><em>=</em></span> <span class='ocrx_word' id='word_1_110' title='bbox 153 1686 190 1745; x_wconf 84' lang='lat' dir='ltr'>At</span> <span class='ocrx_word' id='word_1_111' title='bbox 212 1683 332 1745; x_wconf 89' lang='lat' dir='ltr'>Troilus</span> <span class='ocrx_word' id='word_1_112' title='bbox 355 1702 459 1745; x_wconf 86' lang='lat' dir='ltr'>murus</span> <span class='ocrx_word' id='word_1_113' title='bbox 481 1685 604 1762; x_wconf 88' lang='lat' dir='ltr'>patriae,</span> <span class='ocrx_word' id='word_1_114' title='bbox 628 1686 774 1763; x_wconf 90' lang='lat' dir='ltr'>protectio</span> <span class='ocrx_word' id='word_1_115' title='bbox 796 1683 903 1762; x_wconf 89' lang='lat' dir='ltr'>Trojae</span> 
     </span>
    </p>
   </div>
   <div class='ocr_carea' id='block_1_4' title="bbox 95 1767 1119 3118">
    <p class='ocr_par' dir='ltr' id='par_1_4' title="bbox 95 1767 1119 3118">
     <span class='ocr_line' id='line_1_19' title="bbox 195 1767 895 1848; baseline -0.003 -18"><span class='ocrx_word' id='word_1_116' title='bbox 195 1769 232 1830; x_wconf 86' lang='lat' dir='ltr'>Et</span> <span class='ocrx_word' id='word_1_117' title='bbox 254 1787 321 1829; x_wconf 90' lang='lat' dir='ltr'>rosa</span> <span class='ocrx_word' id='word_1_118' title='bbox 344 1770 468 1830; x_wconf 92' lang='lat' dir='ltr'>militiae</span> <span class='ocrx_word' id='word_1_119' title='bbox 491 1776 605 1847; x_wconf 84' lang='lat' dir='ltr'>pugnat</span> <span class='ocrx_word' id='word_1_120' title='bbox 628 1776 657 1829; x_wconf 92' lang='lat' dir='ltr'>et</span> <span class='ocrx_word' id='word_1_121' title='bbox 680 1767 791 1847; x_wconf 90' lang='lat' dir='ltr'>absque</span> <span class='ocrx_word' id='word_1_122' title='bbox 814 1786 895 1848; x_wconf 91' lang='lat' dir='ltr'>parc.</span> 
     </span>
     <span class='ocr_line' id='line_1_20' title="bbox 152 1852 952 1932; baseline -0.004 -18"><span class='ocrx_word' id='word_1_123' title='bbox 152 1853 239 1914; x_wconf 94' lang='lat' dir='ltr'>Haud</span> <span class='ocrx_word' id='word_1_124' title='bbox 263 1853 347 1915; x_wconf 89' lang='lat' dir='ltr'>aliter</span> <span class='ocrx_word' id='word_1_125' title='bbox 370 1853 511 1914; x_wconf 90' lang='lat' dir='ltr'>robustus</span> <span class='ocrx_word' id='word_1_126' title='bbox 534 1871 605 1932; x_wconf 92' lang='lat' dir='ltr'>aper</span> <span class='ocrx_word' id='word_1_127' title='bbox 628 1869 659 1911; x_wconf 89' lang='lat' dir='ltr'>se</span> <span class='ocrx_word' id='word_1_128' title='bbox 683 1852 760 1913; x_wconf 87' lang='lat' dir='ltr'>iorte</span> <span class='ocrx_word' id='word_1_129' title='bbox 782 1859 952 1932; x_wconf 89' lang='lat' dir='ltr'>prementes</span> 
     </span>
     <span class='ocr_line' id='line_1_21' title="bbox 95 1933 862 2008; baseline -0.003 -9"><span class='ocrx_word' id='word_1_130' title='bbox 95 1933 97 1937; x_wconf 72' lang='grc'><strong>’</strong></span> <span class='ocrx_word' id='word_1_131' title='bbox 195 1940 357 2000; x_wconf 84' lang='lat' dir='ltr'>Consuevit</span> <span class='ocrx_word' id='word_1_132' title='bbox 379 1938 473 1999; x_wconf 92' lang='lat' dir='ltr'>nitido</span> <span class='ocrx_word' id='word_1_133' title='bbox 493 1936 631 1998; x_wconf 89' lang='lat' dir='ltr'>scindere</span> <span class='ocrx_word' id='word_1_134' title='bbox 653 1936 742 1998; x_wconf 91' lang='lat' dir='ltr'>dente</span> <span class='ocrx_word' id='word_1_135' title='bbox 765 1955 862 2008; x_wconf 92' lang='lat' dir='ltr'>canes,</span> 
     </span>
     <span class='ocr_line' id='line_1_22' title="bbox 154 2020 969 2101; baseline -0.004 -18"><span class='ocrx_word' id='word_1_136' title='bbox 154 2023 251 2084; x_wconf 91' lang='lat' dir='ltr'>Utitur</span> <span class='ocrx_word' id='word_1_137' title='bbox 273 2024 321 2084; x_wconf 92' lang='lat' dir='ltr'>bic</span> <span class='ocrx_word' id='word_1_138' title='bbox 344 2025 434 2083; x_wconf 93' lang='lat' dir='ltr'>armis</span> <span class='ocrx_word' id='word_1_139' title='bbox 458 2023 541 2101; x_wconf 91' lang='lat' dir='ltr'>quasi</span> <span class='ocrx_word' id='word_1_140' title='bbox 563 2020 750 2092; x_wconf 83' lang='lat' dir='ltr'>fulminibus,</span> <span class='ocrx_word' id='word_1_141' title='bbox 774 2020 969 2101; x_wconf 90' lang='lat' dir='ltr'>populusque.</span> 
     </span>
     <span class='ocr_line' id='line_1_23' title="bbox 195 2104 844 2168; baseline -0.002 -1"><span class='ocrx_word' id='word_1_142' title='bbox 195 2108 316 2168; x_wconf 84' lang='lat' dir='ltr'>Corruit</span> <span class='ocrx_word' id='word_1_143' title='bbox 337 2110 516 2167; x_wconf 90' lang='lat' dir='ltr'>innumerus</span> <span class='ocrx_word' id='word_1_144' title='bbox 539 2104 616 2166; x_wconf 91' lang='lat' dir='ltr'>illius</span> <span class='ocrx_word' id='word_1_145' title='bbox 639 2115 707 2168; x_wconf 90' lang='lat' dir='ltr'>ante</span> <span class='ocrx_word' id='word_1_146' title='bbox 730 2123 844 2167; x_wconf 91' lang='lat' dir='ltr'>manus.</span> 
     </span>
     <span class='ocr_line' id='line_1_24' title="bbox 153 2190 962 2271; baseline -0.002 -19"><span class='ocrx_word' id='word_1_147' title='bbox 153 2191 225 2252; x_wconf 87' lang='lat' dir='ltr'>Cum</span> <span class='ocrx_word' id='word_1_148' title='bbox 248 2194 292 2252; x_wconf 92' lang='lat' dir='ltr'>sic</span> <span class='ocrx_word' id='word_1_149' title='bbox 315 2190 478 2271; x_wconf 91' lang='lat' dir='ltr'>cornipede</span> <span class='ocrx_word' id='word_1_150' title='bbox 501 2208 623 2252; x_wconf 87' lang='lat' dir='ltr'>versans</span> <span class='ocrx_word' id='word_1_151' title='bbox 645 2193 676 2252; x_wconf 92' lang='lat' dir='ltr'>in</span> <span class='ocrx_word' id='word_1_152' title='bbox 698 2192 792 2252; x_wconf 90' lang='lat' dir='ltr'>Marte</span> <span class='ocrx_word' id='word_1_153' title='bbox 816 2199 962 2260; x_wconf 85' lang='lat' dir='ltr'>coruscat,</span> 
     </span>
     <span class='ocr_line' id='line_1_25' title="bbox 195 2275 840 2356; baseline -0.002 -20"><span class='ocrx_word' id='word_1_154' title='bbox 195 2275 313 2336; x_wconf 82' lang='lat' dir='ltr'>Corruit</span> <span class='ocrx_word' id='word_1_155' title='bbox 335 2278 468 2337; x_wconf 88' lang='lat' dir='ltr'>anterius</span> <span class='ocrx_word' id='word_1_156' title='bbox 491 2276 615 2355; x_wconf 86' lang='lat' dir='ltr'>cuspide</span> <span class='ocrx_word' id='word_1_157' title='bbox 637 2278 714 2336; x_wconf 75' lang='lat' dir='ltr'>linus</span> <span class='ocrx_word' id='word_1_158' title='bbox 736 2294 840 2356; x_wconf 89' lang='lat' dir='ltr'>equus.</span> 
     </span>
     <span class='ocr_line' id='line_1_26' title="bbox 151 2358 1048 2438; baseline 0 -18"><span class='ocrx_word' id='word_1_159' title='bbox 151 2361 202 2420; x_wconf 91' lang='lat' dir='ltr'>Vir</span> <span class='ocrx_word' id='word_1_160' title='bbox 224 2362 285 2421; x_wconf 87' lang='lat' dir='ltr'>ruit</span> <span class='ocrx_word' id='word_1_161' title='bbox 307 2369 337 2422; x_wconf 92' lang='lat' dir='ltr'>et</span> <span class='ocrx_word' id='word_1_162' title='bbox 360 2359 450 2422; x_wconf 90' lang='lat' dir='ltr'>celeri</span> <span class='ocrx_word' id='word_1_163' title='bbox 473 2362 594 2421; x_wconf 87' lang='lat' dir='ltr'>veniens</span> <span class='ocrx_word' id='word_1_164' title='bbox 615 2360 692 2438; x_wconf 92' lang='lat' dir='ltr'>pede</span> <span class='ocrx_word' id='word_1_165' title='bbox 714 2378 819 2421; x_wconf 89' lang='lat' dir='ltr'>saevus</span> <span class='ocrx_word' id='word_1_166' title='bbox 840 2358 968 2420; x_wconf 82' lang='lat' dir='ltr'>Achilles</span> <span class='ocrx_word' id='word_1_167' title='bbox 1044 2391 1048 2396; x_wconf 91' lang='lat'><em>-</em></span> 
     </span>
     <span class='ocr_line' id='line_1_27' title="bbox 193 2445 822 2525; baseline -0.005 -20"><span class='ocrx_word' id='word_1_168' title='bbox 193 2445 323 2523; x_wconf 81' lang='lat' dir='ltr'>Surgere</span> <span class='ocrx_word' id='word_1_169' title='bbox 346 2447 480 2506; x_wconf 89' lang='lat' dir='ltr'>conantis</span> <span class='ocrx_word' id='word_1_170' title='bbox 503 2445 609 2506; x_wconf 90' lang='lat' dir='ltr'>dissuit</span> <span class='ocrx_word' id='word_1_171' title='bbox 632 2463 702 2506; x_wconf 91' lang='lat' dir='ltr'>cnse</span> <span class='ocrx_word' id='word_1_172' title='bbox 726 2451 822 2525; x_wconf 91' lang='lat' dir='ltr'>caput.</span> 
     </span>
     <span class='ocr_line' id='line_1_28' title="bbox 150 2522 890 2607; baseline -0.001 -18"><span class='ocrx_word' id='word_1_173' title='bbox 150 2529 280 2606; x_wconf 89' lang='lat' dir='ltr'>Palpitat</span> <span class='ocrx_word' id='word_1_174' title='bbox 302 2537 339 2592; x_wconf 66' lang='lat' dir='ltr'>et,</span> <span class='ocrx_word' id='word_1_175' title='bbox 354 2522 485 2591; x_wconf 81' lang='lat' dir='ltr'>moriens</span> <span class='ocrx_word' id='word_1_176' title='bbox 507 2528 644 2591; x_wconf 90' lang='lat' dir='ltr'>tellurem</span> <span class='ocrx_word' id='word_1_177' title='bbox 669 2529 749 2590; x_wconf 86' lang='lat' dir='ltr'>calce</span> <span class='ocrx_word' id='word_1_178' title='bbox 772 2528 890 2607; x_wconf 84' lang='lat' dir='ltr'>sigillat,</span> 
     </span>
     <span class='ocr_line' id='line_1_29' title="bbox 195 2613 1119 2693; baseline -0.004 -20"><span class='ocrx_word' id='word_1_179' title='bbox 195 2613 231 2673; x_wconf 86' lang='lat' dir='ltr'>Et</span> <span class='ocrx_word' id='word_1_180' title='bbox 253 2613 367 2674; x_wconf 83' lang='lat' dir='ltr'>laciem&#39;</span> <span class='ocrx_word' id='word_1_181' title='bbox 383 2632 490 2693; x_wconf 89' lang='lat' dir='ltr'>magno</span> <span class='ocrx_word' id='word_1_182' title='bbox 514 2616 664 2692; x_wconf 87' lang='lat' dir='ltr'>sanguinis</span> <span class='ocrx_word' id='word_1_183' title='bbox 687 2613 785 2675; x_wconf 92' lang='lat' dir='ltr'>imbre</span> <span class='ocrx_word' id='word_1_184' title='bbox 807 2614 894 2690; x_wconf 85' lang='lat' dir='ltr'>rigat.</span> <span class='ocrx_word' id='word_1_185' title='bbox 986 2664 989 2670; x_wconf 96' lang='lat'><em>.</em></span> <span class='ocrx_word' id='word_1_186' title='bbox 1066 2621 1119 2670; x_wconf 82' lang='lat'>340</span> 
     </span>
     <span class='ocr_line' id='line_1_30' title="bbox 151 2697 870 2778; baseline 0.001 -21"><span class='ocrx_word' id='word_1_187' title='bbox 151 2697 199 2759; x_wconf 89' lang='lat' dir='ltr'>Sic</span> <span class='ocrx_word' id='word_1_188' title='bbox 222 2700 280 2758; x_wconf 93' lang='lat' dir='ltr'>tiro</span> <span class='ocrx_word' id='word_1_189' title='bbox 300 2697 418 2776; x_wconf 89' lang='lat' dir='ltr'>juvenis</span> <span class='ocrx_word' id='word_1_190' title='bbox 439 2699 553 2778; x_wconf 89' lang='lat' dir='ltr'>rapitur</span> <span class='ocrx_word' id='word_1_191' title='bbox 574 2699 751 2760; x_wconf 78' lang='lat' dir='ltr'>florentibus</span> <span class='ocrx_word' id='word_1_192' title='bbox 774 2700 870 2768; x_wconf 87' lang='lat' dir='ltr'>annis,</span> 
     </span>
     <span class='ocr_line' id='line_1_31' title="bbox 192 2782 890 2862; baseline -0.003 -18"><span class='ocrx_word' id='word_1_193' title='bbox 192 2782 262 2844; x_wconf 84' lang='lat' dir='ltr'>Flos</span> <span class='ocrx_word' id='word_1_194' title='bbox 284 2783 388 2844; x_wconf 93' lang='lat' dir='ltr'>mundi</span> <span class='ocrx_word' id='word_1_195' title='bbox 410 2783 512 2844; x_wconf 92' lang='lat' dir='ltr'>rutilat</span> <span class='ocrx_word' id='word_1_196' title='bbox 533 2792 668 2862; x_wconf 90' lang='lat' dir='ltr'>tempore</span> <span class='ocrx_word' id='word_1_197' title='bbox 690 2782 774 2844; x_wconf 90' lang='lat' dir='ltr'>valde</span> <span class='ocrx_word' id='word_1_198' title='bbox 796 2782 890 2843; x_wconf 84' lang='lat' dir='ltr'>brevi.</span> 
     </span>
     <span class='ocr_line' id='line_1_32' title="bbox 149 2866 914 2948; baseline 0.001 -21"><span class='ocrx_word' id='word_1_199' title='bbox 149 2868 191 2927; x_wconf 82' lang='lat' dir='ltr'>Ad</span> <span class='ocrx_word' id='word_1_200' title='bbox 216 2866 332 2929; x_wconf 87' lang='lat' dir='ltr'>Danaos</span> <span class='ocrx_word' id='word_1_201' title='bbox 356 2867 475 2929; x_wconf 90' lang='lat' dir='ltr'>trahere</span> <span class='ocrx_word' id='word_1_202' title='bbox 498 2886 608 2948; x_wconf 93' lang='lat' dir='ltr'>corpus</span> <span class='ocrx_word' id='word_1_203' title='bbox 632 2877 755 2930; x_wconf 90' lang='lat' dir='ltr'>conatus</span> <span class='ocrx_word' id='word_1_204' title='bbox 777 2866 914 2937; x_wconf 83' lang='lat' dir='ltr'>Achilles,</span> 
     </span>
     <span class='ocr_line' id='line_1_33' title="bbox 191 2952 900 3033; baseline -0.004 -20"><span class='ocrx_word' id='word_1_205' title='bbox 191 2952 349 3014; x_wconf 86' lang='lat' dir='ltr'>Memnone</span> <span class='ocrx_word' id='word_1_206' title='bbox 372 2954 531 3014; x_wconf 88' lang='lat' dir='ltr'>Persarum</span> <span class='ocrx_word' id='word_1_207' title='bbox 554 2969 626 3029; x_wconf 84' lang='lat' dir='ltr'>rege</span> <span class='ocrx_word' id='word_1_208' title='bbox 648 2961 766 3014; x_wconf 85' lang='lat' dir='ltr'>vetante</span> <span class='ocrx_word' id='word_1_209' title='bbox 789 2953 900 3033; x_wconf 88' lang='lat' dir='ltr'>nequit.</span> 
     </span>
     <span class='ocr_line' id='line_1_34' title="bbox 149 3037 1119 3118; baseline -0.004 -20"><span class='ocrx_word' id='word_1_210' title='bbox 149 3037 245 3098; x_wconf 88' lang='lat' dir='ltr'>Occisi</span> <span class='ocrx_word' id='word_1_211' title='bbox 268 3056 376 3117; x_wconf 90' lang='lat' dir='ltr'>corpus</span> <span class='ocrx_word' id='word_1_212' title='bbox 398 3038 446 3098; x_wconf 86' lang='lat' dir='ltr'>hic</span> <span class='ocrx_word' id='word_1_213' title='bbox 470 3039 567 3117; x_wconf 89' lang='lat' dir='ltr'>eripit,</span> <span class='ocrx_word' id='word_1_214' title='bbox 592 3038 807 3117; x_wconf 82' lang='lat' dir='ltr'>Aeacidemque</span> <span class='ocrx_word' id='word_1_215' title='bbox 887 3107 891 3118; x_wconf 30' lang='grc'>1</span> <span class='ocrx_word' id='word_1_216' title='bbox 1067 3044 1119 3094; x_wconf 81' lang='lat'>345</span> 
     </span>
    </p>
   </div>
   <div class='ocr_carea' id='block_1_5' title="bbox 147 3189 351 3198">
    <p class='ocr_par' dir='ltr' id='par_1_5' title="bbox 147 3189 351 3198">
     <span class='ocr_line' id='line_1_35' title="bbox 147 3189 351 3198; baseline 0.005 -1"><span class='ocrx_word' id='word_1_217' title='bbox 147 3189 351 3198; x_wconf 48' lang='lat'>*—</span> 
     </span>
    </p>
   </div>
   <div class='ocr_carea' id='block_1_6' title="bbox 216 3272 974 3335">
    <p class='ocr_par' dir='ltr' id='par_1_6' title="bbox 216 3272 974 3335">
     <span class='ocr_line' id='line_1_36' title="bbox 216 3272 974 3335; baseline -0.001 -12"><span class='ocrx_word' id='word_1_218' title='bbox 216 3275 273 3325; x_wconf 76' lang='lat'>332.</span> <span class='ocrx_word' id='word_1_219' title='bbox 294 3273 359 3325; x_wconf 73' lang='lat' dir='ltr'>(iod.</span> <span class='ocrx_word' id='word_1_220' title='bbox 379 3274 483 3324; x_wconf 81' lang='lat' dir='ltr'>nidido-</span> <span class='ocrx_word' id='word_1_221' title='bbox 553 3274 612 3325; x_wconf 86' lang='lat'><strong>335.</strong></span> <span class='ocrx_word' id='word_1_222' title='bbox 634 3272 746 3325; x_wconf 83' lang='lat' dir='ltr'>Gualth.</span> <span class='ocrx_word' id='word_1_223' title='bbox 766 3272 845 3324; x_wconf 82' lang='lat' dir='ltr'>Alex.</span> <span class='ocrx_word' id='word_1_224' title='bbox 865 3274 903 3335; x_wconf 89' lang='lat'>11,</span> <span class='ocrx_word' id='word_1_225' title='bbox 922 3273 974 3324; x_wconf 82' lang='lat'>434</span> 
     </span>
    </p>
   </div>
   <div class='ocr_carea' id='block_1_7' title="bbox 146 3341 1119 3478">
    <p class='ocr_par' dir='ltr' id='par_1_7' title="bbox 146 3341 1119 3478">
     <span class='ocr_line' id='line_1_37' title="bbox 250 3341 990 3408; baseline 0.004 -16"><span class='ocrx_word' id='word_1_226' title='bbox 250 3341 431 3408; x_wconf 86' lang='lat' dir='ltr'>Cornipedem</span> <span class='ocrx_word' id='word_1_227' title='bbox 449 3356 564 3393; x_wconf 87' lang='lat' dir='ltr'>versans</span> <span class='ocrx_word' id='word_1_228' title='bbox 582 3342 612 3391; x_wconf 92' lang='lat' dir='ltr'>in</span> <span class='ocrx_word' id='word_1_229' title='bbox 630 3341 727 3393; x_wconf 84' lang='lat' dir='ltr'>dextro</span> <span class='ocrx_word' id='word_1_230' title='bbox 745 3343 835 3398; x_wconf 86' lang='lat' dir='ltr'>Marte</span> <span class='ocrx_word' id='word_1_231' title='bbox 855 3344 990 3395; x_wconf 86' lang='lat' dir='ltr'>coruscat.</span> 
     </span>
     <span class='ocr_line' id='line_1_38' title="bbox 146 3407 1119 3478; baseline 0 -20"><span class='ocrx_word' id='word_1_232' title='bbox 146 3407 291 3460; x_wconf 88' lang='lat' dir='ltr'>Miildener</span> <span class='ocrx_word' id='word_1_233' title='bbox 309 3409 379 3475; x_wconf 84' lang='lat' dir='ltr'>legit</span> <span class='ocrx_word' id='word_1_234' title='bbox 396 3424 512 3461; x_wconf 83' lang='lat' dir='ltr'>vexans.</span> <span class='ocrx_word' id='word_1_235' title='bbox 582 3411 639 3461; x_wconf 82' lang='lat'><strong>337.</strong></span> <span class='ocrx_word' id='word_1_236' title='bbox 659 3410 771 3478; x_wconf 81' lang='lat' dir='ltr'>Margo:</span> <span class='ocrx_word' id='word_1_237' title='bbox 790 3408 902 3461; x_wconf 89' lang='lat' dir='ltr'>Troilus</span> <span class='ocrx_word' id='word_1_238' title='bbox 921 3407 1060 3460; x_wconf 84' lang='lat' dir='ltr'>occiditur</span> <span class='ocrx_word' id='word_1_239' title='bbox 1079 3407 1119 3458; x_wconf 79' lang='lat' dir='ltr'>ab</span> 
     </span>
    </p>
   </div>
   <div class='ocr_carea' id='block_1_8' title="bbox 59 3475 349 3525">
    <p class='ocr_par' dir='ltr' id='par_1_8' title="bbox 59 3475 349 3525">
     <span class='ocr_line' id='line_1_39' title="bbox 59 3475 349 3525; baseline 0.014 -4"><span class='ocrx_word' id='word_1_240' title='bbox 59 3481 65 3486; x_wconf 83' lang='lat'><em>&#39;</em></span> <span class='ocrx_word' id='word_1_241' title='bbox 136 3475 259 3525; x_wconf 75' lang='lat' dir='ltr'>Achille</span> <span class='ocrx_word' id='word_1_242' title='bbox 338 3493 349 3512; x_wconf 75' lang='lat'><em>⁴</em></span> 
     </span>
    </p>
   </div>
   <div class='ocr_carea' id='block_1_9' title="bbox 0 0 1194 3810">
    <p class='ocr_par' dir='ltr' id='par_1_9' title="bbox 0 0 1194 3810">
     <span class='ocr_line' id='line_1_40' title="bbox 0 0 1194 3810; baseline 0 2"><span class='ocrx_word' id='word_1_243' title='bbox 0 0 1194 3810; x_wconf 95' lang='lat' dir='ltr'> </span> 
     </span>
    </p>
   </div>
  </div>
 </body>
</html>
