2378 3810
423 182 485 237 Lib.
504 182 553 238 111.
588 199 614 238 v.
634 184 778 235 aaa-⁷86.

118 338 160 398 lle
182 337 273 415 Mysia
296 335 385 395 rediit
408 336 610 414 Agamemnon
634 353 701 396 cum
724 337 865 397 comitatu

160 421 281 482 Militiae
304 419 433 498 grandis,
458 419 593 498 frugibus
616 428 705 497 atque
728 419 810 482 cibis.

168 568 292 622 VERBA
311 566 443 621 PRIAMI
460 565 568 620 REGIS
586 568 637 621 AD
656 566 835 622 HECUBAM
852 567 1033 622 REGINAM.

117 675 191 752 Regi
213 675 316 752 regina
339 681 439 734 votum
463 672 594 734 declarat
615 671 752 734 Achillis:

160 759 192 820 ln
215 776 305 819 venas
327 760 407 818 venit
429 757 506 828 buic,
531 759 571 819 ait
593 757 652 829 illa,
679 759 793 828 Venus;
1039 769 1089 819 760

117 844 148 903 Si
171 844 301 904 societur
324 845 351 904 ei
376 849 426 903 tua
447 850 515 903 nata
539 843 697 922 Polyxena,
722 843 849 922 spondet

161 929 305 990 Cessurae
328 930 424 1006 patria
448 945 539 1007 seque
563 945 691 1007 suosque
714 933 774 989 tua.

117 1011 171 1072 lllo
194 1012 329 1082 cedente,
355 1030 424 1073 cum
447 1011 483 1071 de
505 1010 675 1091 potioribus
698 1030 775 1072 unus

161 1097 215 1171 Sit,
237 1096 344 1173 reliqui
368 1095 484 1164 cedent,
508 1103 631 1175 totaque
655 1096 732 1164 bella
756 1095 870 1156 cadent.

118 1182 171 1243 Cui
195 1199 263 1241 rex:
289 1198 440 1241 assensum
464 1179 688 1259 nonpraebeo,
711 1197 769 1240 non
793 1184 861 1260 quia
886 1180 937 1242 tali
1037 1191 1086 1240 765

160 1265 225 1326 Non
248 1265 325 1326 bene
349 1266 505 1326 conveniat
527 1265 587 1326 lilia
611 1272 713 1326 nostra
736 1266 815 1335 viro;

117 1350 174 1410 Sed
199 1366 276 1426 quae
299 1351 456 1429 promittit,
481 1349 587 1411 effectu
611 1348 749 1411 claudere
771 1350 882 1419 nescit;

159 1434 318 1496 Promissis
342 1434 424 1496 dives
446 1433 573 1515 quilibet
596 1454 662 1496 esse
686 1441 812 1515 potest.-

115 1519 171 1579 Hic
194 1520 288 1589 cedat,
312 1521 478 1600 cedantque
501 1522 563 1589 sui;
588 1518 765 1581 cedentibus
787 1519 847 1580 illis

159 1603 264 1664 Graeci
288 1621 347 1665 non
370 1603 491 1675 cedent,
515 1608 638 1684 ipsaque
662 1603 739 1665 bella
761 1612 892 1666 manent.
1035 1614 1087 1664 770

116 1687 198 1748 Adde
222 1688 301 1765 quod
325 1696 370 1748 est
391 1690 539 1758 vitiosum,
563 1689 642 1749 hosti
665 1689 785 1750 tradere
807 1697 905 1750 natam

159 1772 234 1833 Num
258 1790 352 1850 gener
375 1780 461 1851 aptus
484 1774 541 1833 erit
564 1789 640 1841 cras
664 1774 804 1834 inimicus
826 1773 912 1838 herii

117 1856 233 1918 Reddat
254 1863 417 1934 perpetuae
440 1854 510 1916 belll
533 1855 591 1916 duo
614 1873 724 1917 cornua
748 1857 823 1934 paci,

157 1941 277 2016 Virgine
300 1942 344 1999 sic
368 1941 477 2018 poterit
499 1939 534 2000 ad
559 1958 612 2000 sua
634 1950 700 2001 vota
724 1941 794 2000 frui.

202 2086 347 2143 REFERT
366 2087 527 2143 NUNTIUS
545 2087 691 2143 ACHILLI
709 2087 834 2143 VERBA
851 2087 989 2148 PRIAMI.

114 2195 146 2254 Si
168 2212 226 2254 nox
248 2194 334 2273 longa
359 2190 467 2274 quibus
489 2197 634 2255 mentitur
657 2194 761 2264 amica,
784 2194 919 2274 profecto
1034 2205 1084 2254 775

156 2278 287 2358 Longior
311 2285 356 2340 est
379 2279 461 2347 nulli,
485 2296 572 2358 quem
595 2277 673 2338 levat
695 2277 745 2339 illa
769 2277 867 2339 modo.

115 2363 224 2424 Noctes
245 2364 398 2424 insomnes
419 2361 522 2424 infelix
546 2361 629 2423 ducit
650 2361 789 2432 Achilles,

157 2446 284 2526 Pervigil
308 2451 424 2508 incusat
446 2446 546 2507 sidera
569 2445 652 2507 tarda
675 2447 775 2514 nimis,

112 2531 149 2591 Et
171 2549 250 2592 nunc
273 2531 419 2591 cantando
441 2530 547 2608 longos
569 2529 713 2592 seducere
735 2531 821 2602 soles,

156 2615 242 2676 Nunc
265 2613 467 2686 auscultando,
493 2633 572 2675 nunc
594 2612 750 2676 recitando
774 2615 879 2678 studet.
1030 2627 1082 2677 780

113 2696 217 2759 Stabat
238 2700 294 2760 lixa
318 2699 392 2769 dies,
416 2698 567 2779 mediique
590 2700 744 2761 cacumine
766 2700 843 2762 coeli

156 2782 206 2844 Sol
229 2791 311 2844 tenet
334 2793 488 2846 aeternum
512 2784 719 2865 perpetuando
742 2785 833 2848 diem.

112 2868 267 2929 Accelerat
290 2869 433 2931 famulum
455 2872 657 2931 transmittere
680 2870 778 2931 denuo
802 2871 890 2932 miles

154 2953 196 3014 lle
218 2952 308 3014 verbo
330 2954 441 3015 Priami
465 2956 575 3016 certior
599 2972 664 3017 esse
689 2953 802 3016 volens,

112 3037 202 3116 Cujus
224 3057 399 3118 responsum
423 3040 563 3119 patefecit
585 3048 617 3100 ut
640 3039 761 3100 Hecuba
783 3058 879 3110 servo,
1030 3049 1080 3100 780

153 3122 205 3183 llle
228 3125 322 3184 refert
345 3124 467 3185 domino
489 3122 606 3200 singula
628 3121 718 3184 verba
741 3141 806 3185 suo.

111 3260 314 3269 ——

179 3344 236 3394 757.
256 3344 315 3396 eod.
334 3345 448 3396 Moesia.
517 3343 573 3396 168.
595 3341 673 3394 ovid.
691 3343 744 3394 Ars
763 3359 816 3398 em.
833 3344 856 3408 Ι,
875 3346 926 3396 444

300 3412 441 3464 Pollicitis
460 3412 538 3464 dives
558 3410 676 3475 quilibet
695 3426 755 3463 ease
774 3416 873 3478 potest.

111 3477 169 3526 776.
188 3477 263 3528 nullo
281 3479 366 3536 levat.
385 3480 470 3532 schol.
491 3477 658 3532 consoletur.

161 3565 253 3609 Troilus.
662 3627 664 3630 v
873 3566 893 3614 'i
