2378 3810
107 123 168 189 198
200 133 203 139 “
519 125 581 176 Lib.
601 128 648 176 VI.

235 279 364 359 Explicit
386 277 505 339 Troilus
528 298 543 349 a
567 276 646 338 beilo
668 278 798 357 Trojano
821 280 863 338 sie
886 277 992 338 dictus.

106 530 227 593 Troilus
252 539 297 591 est
319 511 439 592 Troilus
460 527 595 615 Trojano
618 532 751 609 principe
774 539 871 604 natus,

106 616 144 677 Ei
165 614 242 676 iiber
269 624 313 677 esi
335 615 455 677 Troilus
477 615 516 675 ob
538 615 644 675 Troice
667 614 743 676 belia
767 626 897 678 vocatus.

489 777 691 784 *—..

107 868 161 930 Est
181 887 231 928 res
253 870 356 928 insana
381 870 506 929 nimium
523 871 661 930 'solamen
684 867 795 929 habere

108 952 142 1013 lu
165 971 218 1032 spe
242 953 400 1022 mundana,
423 971 511 1032 quem
534 957 629 1015 nescit
651 953 738 1030 longa
761 971 898 1022 mauere;

108 1036 279 1099 Geudeuies
301 1037 374 1098 flere
397 1040 469 1098 iacit
490 1048 521 1098 et
541 1039 671 1118 gaudere
695 1036 828 1100 dolentes

107 1120 158 1183 Sic
181 1120 256 1182 fallit
278 1140 347 1183 vere
370 1140 445 1192 sese,
471 1122 549 1183 velut
571 1122 676 1184 umbra
700 1131 868 1202 sequentes.

107 1275 245 1282 --.-—--.-
254 1277 310 1283 ...-

108 1373 172 1408 suus
191 1363 310 1424 repetet,
336 1373 419 1424 quare
442 1360 508 1422 quid
532 1359 592 1422 ejus
614 1358 750 1410 beneficia
776 1359 832 1407 sint
857 1359 885 1407 iu
904 1357 984 1407 nobis
1007 1372 1074 1421 ope-

106 1430 182 1486 rata,
211 1431 277 1476 tune
304 1426 448 1487 discutiet3
475 1433 606 1477 venturus
634 1431 678 1477 est
704 1427 776 1476 enim
803 1427 831 1475 in
858 1424 950 1490 gloria
976 1429 1073 1474 suaet

106 1496 172 1542 tune
190 1493 286 1544 reddet
304 1493 453 1558 uuicuique
472 1494 619 1544 secundum
637 1507 721 1558 opera
739 1508 798 1544 sua.
834 1493 877 1542 Tu
907 1507 973 1557 ergo
1003 1493 1074 1541 bene

106 1559 203 1610 latitas
233 1561 258 1611 si
287 1561 358 1611 fucis
388 1560 557 1624 cubiculum,
587 1568 616 1612 et
645 1562 743 1612 clauso
773 1561 845 1610 ostio
874 1574 938 1610 oras
969 1565 1073 1624 patrem

107 1632 185 1678 tuum
206 1633 235 1679 et
258 1629 332 1679 iufra
356 1629 494 1679 fortunam
517 1635 593 1680 tuam
614 1643 722 1694 manes3
749 1630 774 1680 ui
800 1627 888 1678 altum
914 1643 968 1678 non
998 1627 1075 1691 sapis

107 1696 180 1746 sieut
201 1695 230 1745 hi
253 1696 361 1759 miseri,
388 1712 456 1762 ques
473 1697 546 1748 liber
563 1697 617 1747 iste
634 1698 739 1763 tangit,
767 1696 814 1746 sed
842 1695 930 1744 times.
964 1696 1001 1744 Et
1022 1695 1074 1744 hoc

107 1763 200 1814 faeere
230 1764 322 1827 debes,
350 1780 384 1814 ue
412 1764 499 1826 forie,
524 1780 585 1815 eum
612 1780 660 1815 rex
689 1764 781 1815 avium
808 1761 872 1813 olim
898 1763 1008 1812 venerit
1034 1777 1075 1811 re-

109 1833 228 1895 petitum
245 1832 354 1898 plumas
372 1847 443 1894 suas,
463 1832 628 1884 ridiculosus
645 1833 664 1888 i,
682 1848 706 1882 e.
725 1831 889 1881 confusione
906 1829 1005 1895 plenus
1018 1844 1075 1892 eas,

107 1899 126 1947 i.
146 1914 168 1953 e.
196 1899 322 1964 repulsus
339 1900 483 1951 abscedes.
519 1900 598 1964 Quod
615 1916 650 1950 ne
667 1899 730 1962 fiet,
758 1899 848 1950 dicas:
876 1898 918 1947 Au
937 1902 963 1946 ie
982 1897 1076 1946 ievsvi

109 1967 229 2016 animam
251 1983 341 2018 ineam
365 1974 393 2019 et
415 1984 451 2019 ne
474 1969 575 2034 perdas
598 1983 656 2018 eum
675 1967 719 2017 his
737 1967 829 2031 impiis
848 1966 966 2015 anunam
985 1979 1075 2014 meam

108 2036 215 2084 etcum
233 2037 301 2086 viris
320 2035 485 2102 sanguinum
505 2037 592 2086 vitam
610 2049 705 2085 meam.
740 2036 837 2083 Amen.
