2378 3810
150 149 211 212 144
460 149 523 203 usu.
541 150 574 200 v.
605 165 630 200 v.
650 150 795 200 ece-aee.

358 295 541 366 [crunnus
559 296 687 350 inaure
705 297 746 350 m
763 283 916 364 cnossi

149 401 282 482 Pyrrhus
304 400 491 476 Achilleidos,
514 403 665 462 animosus
686 403 815 479 imagine
836 401 939 480 patris.

149 545 152 552 .
192 486 246 546 llis
270 485 350 546 dolet
371 484 516 563 Argolicis
538 484 724 564 subjacuisse
746 485 873 565 probris.
1067 495 1125 546 370

149 572 280 650 Impiger
302 587 384 630 arma
407 572 495 648 rapit,
520 569 633 629 medios
655 573 791 631 ruiturus
814 572 845 631 in
868 569 968 630 hostes

190 654 305 715 Invadit
326 655 467 725 Teucros,
490 671 562 714 ense
584 653 705 731 bipartit
727 673 788 715 cos.

149 739 199 799 Sic
220 741 303 799 lerus
325 739 467 816 achpiter
487 755 603 816 ungues
625 747 781 817 exasperat
802 756 905 808 uncos

192 823 290 893 Quum
314 821 518 883 columbarum
541 825 651 900 cogitat
675 840 739 883 esse
762 838 891 900 gregem.

150 908 206 969 HIc
229 905 315 975 volat,
339 906 387 965 hic
409 904 530 975 revolat,
553 908 631 984 rapit
653 907 740 981 hanc,
765 910 910 968 eviscerat
930 905 1009 967 illam
1068 917 1123 967 373

191 991 228 1051 Et
249 989 358 1067 plumis
380 991 471 1050 mixto
494 992 636 1068 sanguine
659 991 755 1069 pingit
776 991 908 1051 humum.

150 1074 235 1137 Haud
259 1091 343 1134 secus
365 1076 396 1134 in
420 1074 585 1154 Phrygibus
606 1074 713 1153 Pyrrhi
736 1093 768 1134 se
791 1075 912 1136 dextera
936 1075 1030 1153 tingit.

194 1159 268 1219 Dum
292 1176 365 1218 nece
388 1158 544 1236 muIIIplici
567 1160 806 1236 sanguinolentat
827 1177 925 1236 agros.

150 1242 258 1304 Educit
280 1241 394 1304 Ilanaos
416 1243 617 1321 Agamemnon
640 1252 669 1303 et
691 1245 813 1304 instruit
835 1260 947 1313 omnes,

192 1327 322 1404 Imperat
344 1334 376 1386 ut
397 1328 531 1395 veniaut;
555 1328 588 1387 fit
610 1327 720 1402 fragor,
744 1345 825 1388 arma
848 1335 965 1390 sonant.
1067 1337 1122 1386 380

151 1410 278 1472 Tollitur
301 1409 337 1468 ad
361 1407 476 1470 coelum
498 1409 620 1478 clamor,
644 1412 819 1471 considera
843 1411 949 1490 pulsat,

194 1494 237 1555 Ad
261 1492 357 1553 nubes
379 1492 488 1554 nebula
511 1494 715 1573 pulverulenta
740 1493 831 1565 volat;

151 1576 299 1654 Clangunt
322 1586 351 1637 et
371 1576 447 1646 litui,
471 1577 653 1640 clamoribus
677 1580 751 1640 echo
773 1578 929 1648 reclamat;

196 1663 256 1730 Est,
280 1659 368 1722 veluti
392 1670 470 1723 totus
492 1662 621 1723 mundus
643 1666 674 1722 in
698 1681 778 1723 arma
802 1673 878 1732 ruat,

153 1748 213 1810 Est.
237 1747 321 1826 quasi
343 1755 498 1825 rumpatur
521 1746 618 1815 tellus,
642 1747 777 1807 hinnitus
800 1765 957 1827 equorum;
1068 1757 1122 1806 385

195 1828 316 1910 Spicula
338 1829 408 1890 dum
431 1832 563 1899 volitant,
588 1840 642 1899 est,
665 1833 748 1911 quasi
771 1833 843 1893 silva
867 1832 961 1892 cadat.

151 1915 194 1975 Ex
217 1917 310 1974 armis
332 1913 458 1976 scimilla
481 1917 581 1983 micat,
605 1914 684 1976 velut
705 1917 774 1992 igne
796 1933 936 1983 corusco:

194 1998 350 2058 horrendo
373 2000 506 2076 quatitur
528 2001 608 2059 auris
630 2007 659 2058 et
680 2017 751 2059 aura
775 2017 857 2060 sono.

152 2082 217 2144 Non
240 2083 431 2159 ferrugineus
453 2081 503 2142 sed
527 2084 644 2143 lerreus
666 2085 781 2160 ingruit
803 2083 899 2144 Imber

196 2164 338 2226 'Pelorum
361 2165 453 2226 multa
475 2165 555 2227 nube
577 2165 705 2245 tegendo
728 2167 840 2246 polum.
1067 2177 1122 2228 330

153 2249 352 2318 Concurrunt,
377 2253 407 2309 in
430 2251 488 2310 iata
512 2260 614 2327 ruunt,
636 2251 840 2328 glomerantur
863 2252 892 2312 in
915 2268 1018 2321 unum,

195 2333 256 2394 Nec
278 2335 398 2413 requies
420 2334 519 2413 aIIquo
542 2338 600 2396 scit
622 2336 737 2395 latitare
758 2335 834 2396 loco.

152 2416 207 2478 llic
229 2416 337 2487 rabies,
360 2436 490 2487 moeror,
513 2419 656 2488 fremitus,
682 2417 829 2490 violentia,
852 2420 935 2488 liror,

194 2500 254 2570 Lis,
278 2502 388 2568 odIum‚
413 2503 520 2570 terror,
545 2506 682 2583 impetus,
707 2506 762 2573 ira,
786 2505 881 2564 luror.

155 2587 228 2646 Pars
242 2585 357 2660 gladios
372 2589 524 2664 stringunt
539 2587 686 2656 manibus,
703 2604 772 2666 pars
787 2589 900 2666 spicula
916 2587 1049 2656 mittunt,
1066 2597 1121 2647 333

196 2669 229 2728 In
253 2671 364 2729 lerrum
389 2671 484 2741 turba,
508 2673 547 2731 sit
568 2673 651 2751 quasi
675 2689 771 2739 caeca,
796 2678 898 2732 ruunt.

151 2754 306 2814 lnlrenant
328 2755 376 2814 isti
398 2772 515 2826 currus,
537 2774 607 2834 pars
628 2754 719 2816 altera
743 2753 818 2817 saltu

195 2837 351 2917 Praecipiti
373 2839 477 2900 validIs
499 2838 674 2917 injiciuntur
696 2841 790 2918 equis.

152 2921 300 2983 Insultans
323 2925 444 2999 sonipes
466 2931 527 2983 toto
550 2920 652 2984 iremit
674 2941 803 3002 aequore
826 2923 944 2985 Irenum

220 3158 278 3212 373.
296 3172 401 3222 margo:
424 3157 653 3221 comparationem
673 3159 747 3208 feeit.
817 3160 875 3210 374.
894 3174 1003 3224 margo:
1029 3173 1126 3212 come·

154 3221 223 3273 dere.
293 3226 353 3275 384.
372 3223 423 3277 Ov.
442 3224 519 3274 Fast.
536 3223 583 3285 VI,
601 3227 652 3276 398

254 3317 287 3326 -
306 3292 456 3341 attonitum
474 3290 574 3356 vulgus
594 3291 627 3340 ad
647 3308 722 3342 arma
740 3293 805 3343 ruit.

153 3359 212 3409 336.
238 3358 267 3407 in
293 3359 357 3413 ferr,
383 3364 475 3408 ruunt.
504 3359 581 3422 Virg.
601 3357 697 3424 Georg.
720 3361 757 3418 11,
776 3363 834 3412 503.
950 3361 1008 3413 333.
1040 3359 1129 3426 gloss

154 3426 298 3492 marginis:
318 3424 434 3489 planitie
454 3426 551 3490 campi.
739 3426 741 3431 “
