2378 3810
107 174 167 236 140
418 173 480 224 nra.
501 175 533 227 v.
563 190 588 225 v.
607 175 749 224 ase-eos.

150 326 245 405 Ejulat
267 334 296 386 et
318 324 455 402 lacrymis
478 325 557 385 illius
579 343 647 384 ossa
668 325 754 400 rigat.

107 411 132 472 Ο
155 420 247 490 pater,
272 430 289 470 o
311 410 424 488 patriae
448 409 549 478 decus,
572 427 589 466 o
613 408 773 468 fortissime
793 407 880 468 miles
1031 417 1081 468 255

151 495 174 556 0
201 495 262 554 viee
286 493 424 561 celebris,
449 492 550 553 nobile
573 492 669 552 sidus!
692 493 746 559 ait;

107 579 131 640 0
155 580 211 639 mel
236 580 362 647 virtutis,
386 597 404 637 o
425 578 522 638 lamae
546 576 693 637 balsamus
716 574 840 654 amplae,

151 662 255 723 Turris
277 662 452 726 honestatis,
477 661 680 722 strennuitatis
702 677 791 738 apem

109 748 132 809 0
155 765 221 808 rosa
246 746 378 815 militiae,
402 747 560 824 probitatis
583 746 673 805 tincta
696 742 806 810 colore,

152 832 188 892 Et
209 848 363 910 nunquam
386 832 472 907 spina
496 827 664 890 derosulata
687 829 783 904 lugae,
1032 839 1084 888 eso

108 914 171 984 Quo
194 915 283 975 modo
305 913 488 993 perdiderim
510 921 540 973 te
564 915 676 982 neseio,
699 913 805 972 mortis
826 911 947 988 iniquae
1021 910 1025 915 ’

152 1001 290 1060 Fractum
314 999 484 1075 naufragio,
509 1008 547 1072 te,
571 996 750 1057 miserande!
772 1013 869 1073 gemo.

108 1083 215 1144 Omnia
239 1100 320 1142 mors
343 1082 467 1152 mordet,
491 1101 508 1141 o
533 1100 612 1142 mors
635 1091 667 1140 tu
689 1098 744 1140 neo
766 1081 878 1158 speciei

154 1167 255 1227 Parcis
278 1184 334 1226 neo
356 1169 471 1245 generi,
494 1168 589 1244 gratia
614 1164 692 1226 nulla
714 1163 781 1224 tibi.

108 1251 241 1312 Testudo
263 1251 389 1318 miseris,
413 1252 497 1327 tigris
519 1249 657 1310 felicibus
679 1257 725 1308 est
746 1265 838 1321 mors,
1031 1259 1084 1309 265

156 1335 252 1413 Saepe
274 1343 376 1394 vocata
399 1335 485 1410 lugit,
508 1351 599 1412 saepe
620 1335 722 1410 iugata
744 1331 836 1392 subit.

109 1417 200 1480 lluloe
223 1418 299 1477 mori
321 1419 449 1484 miseris,
473 1418 524 1477 sed
549 1434 629 1476 mors
652 1423 750 1494 optata
774 1415 902 1482 recedit;

153 1502 199 1570 Et,
223 1518 292 1562 oum
314 1505 410 1563 tristis
433 1504 498 1571 erit,
523 1503 716 1582 praecipitata
740 1501 829 1559 venit.

110 1587 191 1647 Mors
213 1585 366 1646 hominurn
390 1585 460 1645 lelix
483 1604 559 1666 quae
582 1605 615 1646 se
637 1602 693 1645 neo
716 1583 853 1643 dulcibus
875 1585 962 1644 annis

152 1670 260 1730 Inserit
283 1677 312 1730 et
335 1671 456 1730 moestis
478 1688 566 1748 saepe
590 1676 690 1729 vorata
714 1670 808 1735 venit;
1030 1679 1085 1728 270

110 1755 190 1815 Mors
212 1753 286 1814 haec
307 1753 409 1815 infelix
433 1754 575 1814 iloreutes
596 1751 719 1813 abstulit
741 1770 835 1812 annos

152 1839 196 1899 Ex
218 1839 380 1918 improviso
402 1838 626 1918 praecipitando
650 1839 733 1898 duos.

109 1923 157 1984 Me
179 1923 336 1983 miserum!
360 1941 419 1983 non
443 1932 472 1982 te
495 1923 546 1983 sed
570 1940 618 1982 me
641 1937 721 1982 mors
743 1923 800 1983 ista
823 1918 994 1995 momordit,

153 2006 254 2067 Morsu
276 2008 447 2074 consumsit,
471 2015 501 2067 te
524 2005 595 2067 mihi
618 2021 746 2082 namque
768 2003 845 2066 tulit.

112 2090 183 2150 Sum
206 2099 346 2160 moestus,
370 2092 422 2169 qui
443 2089 539 2151 laetus
562 2108 659 2160 eram;
682 2088 837 2150 mordente
860 2087 961 2149 dolore
1029 2097 1083 2147 2⁷6

154 2175 265 2233 Anxior
287 2173 323 2233 ad
346 2176 457 2234 mentis
479 2175 634 2234 commoda
655 2192 726 2235 raro
747 2172 839 2234 levor.

112 2257 233 2337 Absque
255 2257 354 2318 calore
377 2275 491 2328 manus,
513 2257 573 2336 jam
596 2277 681 2319 mens
704 2266 749 2318 est
771 2256 883 2337 absque
905 2255 1017 2328 valore,

157 2342 222 2403 Jam
245 2342 321 2402 mihi
343 2342 485 2404 dixerunt
508 2343 605 2403 omnia
629 2343 703 2403 laeta
728 2342 803 2402 vale!

111 2427 202 2487 Gutta
226 2435 309 2488 cavat
331 2424 470 2506 lapidem,
494 2430 680 2488 eonsumitur
703 2424 829 2487 annulus
853 2444 923 2494 usu:

155 2510 190 2570 Et
214 2514 321 2572 teritur
344 2530 445 2590 pressa
469 2530 570 2573 vomer
592 2512 726 2573 aduncus
746 2511 850 2572 lrumo.
1026 2519 1081 2569 280

112 2595 177 2655 Non
200 2612 272 2672 ergo
295 2598 413 2666 mirum,
437 2598 460 2655 si
484 2613 569 2656 mens
592 2616 656 2658 mea
679 2594 777 2656 tabida
800 2595 877 2654 lacta

155 2678 198 2738 lle
221 2681 289 2740 nive
312 2684 459 2740 manantis
481 2698 565 2740 more
589 2680 725 2758 liquescit
747 2697 851 2757 aquae.

115 2762 177 2824 lloo
200 2761 296 2824 solum
319 2767 447 2824 recitare
466 2764 558 2844 juvat,
582 2765 659 2844 qnod
683 2763 762 2825 nulla
784 2770 917 2844 potestas

157 2846 303 2925 Nullaque
326 2850 509 2926 prosperitas
531 2867 596 2909 esse
619 2866 735 2910 morosa
757 2855 864 2928 potest.

115 2932 178 2992 Hoo
202 2935 290 2993 etiam
314 2931 414 3007 didici,
438 2932 515 3010 qnod
539 2950 590 2994 res
611 2934 731 2993 lortuna
754 2931 900 3004 secundas
1030 2938 1084 2990 285

112 3060 214 3068 —v—-w

180 3117 239 3170 ast.
257 3118 298 3168 68.
317 3117 477 3167 Maximiani
496 3118 577 3183 Eleg.
594 3119 617 3179 1,
636 3119 693 3169 115.

214 3183 300 3233 Dulce
318 3187 386 3235 mori
404 3184 520 3248 miseris,
539 3184 588 3236 sed
606 3200 678 3236 mors
695 3189 793 3250 optata
811 3182 924 3247 recedit,

248 3251 284 3299 At
302 3266 362 3300 oum
381 3253 472 3301 tristis·
486 3254 550 3312 erit,
569 3254 750 3318 praecipitate
768 3252 853 3302 venit.

112 3320 171 3368 279.
188 3320 230 3371 80.
255 3317 350 3368 Ovidii
369 3334 403 3368 ex
420 3319 501 3371 Pont.
519 3319 568 3383 IV,
590 3322 629 3382 10,
648 3322 671 3370 ὅ.
690 3321 714 3369 6.
801 3321 858 3370 281.
876 3319 918 3368 82.
943 3317 1028 3369 Ovid.
1047 3336 1085 3370 ex

112 3386 192 3438 Pont.
211 3385 257 3447 IV,
276 3386 299 3449 1,
318 3387 359 3439 67.
378 3387 411 3438 68

214 3452 261 3502 Nil
278 3453 362 3518 igitur
381 3453 486 3517 mirum,
505 3455 529 3504 si
547 3467 625 3504 mens
643 3459 698 3504 ete.
