2378 3810
125 157 165 224 86
429 159 490 211 Lib.
509 160 560 212 111.
594 175 621 214 v.
639 159 784 211 tte-tu.

194 341 256 396 nro
274 339 444 408 nonense
463 339 540 395 oux
559 339 756 396 oootornun
774 340 823 394 ae
841 340 1019 395 unononn.
1051 308 1054 315 ’

124 448 262 508 Hectoris
283 448 433 524 ingentem
457 447 615 513 fortunam,
640 445 731 507 robur
754 447 861 507 avitum

165 533 277 610 Aspicit
298 530 449 600 Aeacides
472 532 682 610 prospiciendo
706 531 795 592 dolet.
1041 538 1092 589 450

123 616 269 694 Despernt
291 616 400 676 Danais
423 618 599 692 contingere
620 633 707 694 posse
730 612 912 694 triumphurn

165 701 292 761 Hectore
315 701 417 778 Cocyti
440 702 471 760 ni
493 700 640 759 subeunte
662 698 765 760 lacum.

124 786 249 863 Cogitat,
272 788 446 845 innumeros
470 801 526 861 ope
549 783 666 843 roboris
689 784 752 863 eJ'us
774 781 909 852 Achivos,

55 921 66 937 ,
165 871 257 929 lmmo
280 870 344 929 lere
367 878 500 938 cunctos,
525 867 702 929 occubuisse
725 868 833 935 duces;

123 953 160 1014 Et
182 955 270 1032 quod,
294 972 330 1013 eo
353 952 416 1013 solo
439 971 529 1031 super
552 971 620 1012 arva
643 955 812 1033 superstite,
835 960 896 1012 tota

167 1040 349 1099 Graecorum
373 1039 491 1117 penitus
514 1040 553 1098 sit
574 1039 706 1117 peritura
729 1054 843 1098 manus.

123 1122 283 1200 Sanguinis
306 1123 387 1183 illius
409 1123 499 1200 igitur
522 1124 585 1183 sitit
605 1120 655 1182 ille
677 1122 821 1182 fluentum

164 1207 325 1268 lntendens
348 1207 412 1284 ejus
435 1225 571 1283 mergere
593 1214 690 1267 morte
713 1214 812 1285 caput.

122 1293 258 1368 Pugnant
282 1291 431 1351 etdubiis
454 1291 554 1351 volitat
576 1293 697 1352 victoria
721 1292 837 1370 pennis,

169 1377 253 1438 Nunc
276 1377 407 1434 moriens
430 1383 556 1454 spumat,
580 1378 632 1454 qui
656 1376 743 1435 modo
765 1375 953 1443 victor-erat,

123 1461 209 1522 Nune
231 1460 283 1520 llet
305 1462 357 1536 qui
379 1461 453 1528 risit,
477 1460 554 1520 ridet
578 1460 665 1520 modo
689 1460 739 1539 qui
762 1461 821 1520 cito
844 1457 936 1526 llebit,
1013 1528 1016 1533 .

166 1544 219 1604 llic
242 1544 329 1603 modo
352 1545 402 1624 qui
424 1546 544 1623 perimit
565 1544 613 1604 hic
636 1543 812 1624 perimendo
836 1545 924 1620 perit.

105 1628 211 1690 .Millia
234 1628 325 1688 multa
350 1628 468 1698 cadunt,
491 1627 563 1688 belli
585 1631 749 1689 constantia
773 1628 871 1705 largos

166 1714 313 1792 Purpurat
337 1720 367 1772 et
388 1715 481 1774 nimio
504 1715 648 1790 sanguine
671 1714 767 1791 pingit
789 1729 886 1789 agros.

124 1799 273 1859 Horridus
295 1796 345 1856 ille
367 1798 424 1865 leo,
449 1799 580 1859 Danaum
604 1799 693 1859 timor
714 1799 830 1866 unicus,
854 1796 974 1864 Hector,

164 1882 285 1943 Militiae
308 1884 474 1960 speculum,
497 1885 683 1944 strenuitatis
704 1882 802 1942 honor

122 1967 177 2028 Hic
199 1967 285 2035 volat,
310 1967 359 2026 nio
381 1968 503 2036 revolat,
527 1966 625 2048 dubiis
647 1966 695 2026 hic
717 1967 807 2025 corda
831 1965 991 2032 ministrat,

167 2052 218 2110 llic
241 2047 361 2129 pavidos
383 2053 502 2119 animat,
526 2055 645 2128 agmina
667 2052 780 2112 Graeca
803 2056 893 2109 secat.
942 2115 946 2121 ,

124 2135 218 2214 Major
242 2136 268 2193 oi
292 2136 401 2195 crescit
423 2136 544 2198 audacia
564 2135 692 2215 Poppite
714 2143 817 2204 strato,
842 2132 845 2137 ’

169 2219 247 2278 lnter
270 2228 422 2296 magnatos
444 2239 503 2280 non
528 2231 592 2280 erat
613 2220 664 2281 ille
687 2220 794 2280 minor.

125 2301 207 2365 Illius
230 2303 279 2363 hic
301 2304 407 2382 clypeo
430 2305 517 2365 simul
539 2312 720 2384 arreptoque
743 2302 844 2380 galero

165 2388 305 2468 Inpavido
328 2390 437 2451 scindit
459 2389 543 2450 obvia
567 2396 672 2450 cuncta
696 2387 795 2448 modo.

122 2474 274 2540 Miramur,
298 2477 367 2534 totis
389 2476 459 2534 dum
484 2475 580 2534 l'undit
604 2491 729 2552 corpora
752 2471 875 2548 campis,

166 2558 197 2617 Si
221 2566 280 2616 tam
304 2558 437 2636 glorifico
460 2561 570 2618 nonore
592 2559 701 2635 gaudet
724 2557 825 2616 homo.

123 2640 185 2711 Qua
209 2642 302 2701 victor
325 2642 445 2720 gaudes,
469 2643 542 2702 haec
564 2652 594 2702 te
617 2644 739 2703 victoria
763 2640 884 2721 perdet:

166 2724 294 2785 Invictus
317 2730 424 2787 totiens
447 2726 527 2787 illico
549 2728 643 2787 virtus
667 2728 736 2787 cris.

122 2811 202 2871 lllors
225 2813 342 2872 mordet
364 2811 487 2871 meliora
510 2814 602 2891 prius,
627 2810 727 2890 pejora
751 2825 902 2889 supremo,

165 3048 190 3112 *l
204 3050 321 3114 Poppee.
339 3048 428 3098 Dares
443 3047 622 3112 Polybootum
636 3047 767 3108 nominat,
784 3050 813 3095 ut
827 3051 855 3094 et
866 3043 999 3107 marginis
1012 3040 1108 3105 scho-¹

122 3117 180 3167 lion
198 3117 233 3166 ad
250 3132 277 3168 v.
296 3119 346 3167 toa
364 3116 503 3168 observat.
565 3116 624 3166 tta.
643 3113 702 3164 cod.
722 3113 835 3164 cocichi.
893 3112 951 3162 tte.
970 3108 1093 3160 imitatio

124 3183 447 3245 Ovid.Met.v111,13.
484 3184 557 3232 inter
580 3186 727 3245 utrumque
750 3180 828 3231 volat
850 3179 913 3229 dub.
933 3178 1004 3229 vict.
1028 3171 1092 3241 pest
1174 3184 1179 3193 “

121 3254 180 3302 469.
199 3250 329 3302 Scholion
357 3250 499 3316 marginis.
537 3250 646 3314 Poppes
673 3249 727 3298 dux
751 3248 784 3297 ab
802 3244 924 3296 Hectore
948 3244 1094 3306 occiditur,

122 3319 169 3369 hic
188 3319 243 3369 alio
261 3317 372 3368 nomine
391 3319 419 3367 in
438 3318 537 3382 Dictye
558 3321 602 3366 est
620 3315 780 3379 Polynetes,
800 3315 847 3378 qni
866 3328 928 3362 cum
947 3312 1022 3362 nocio
1043 3326 1094 3361 auo

122 3388 241 3438 Leontio
265 3386 417 3439 adduxerat
434 3384 484 3433 XL
504 3399 598 3438 naves.
616 3410 648 3420 -
667 3383 771 3435 Hector
789 3382 900 3446 accepit
918 3379 1047 3444 clypeum
1065 3383 1097 3428 et

112 3454 231 3514 galeam
247 3453 405 3518 Polybetis.
441 3451 548 3502 Crescit
566 3467 615 3516 pro
634 3450 692 3501 cod.
712 3449 859 3514 „creeait“.
