2378 3810
104 144 147 211 56
326 192 328 196 ,
420 145 481 197 Lib.
499 146 535 199 Π.
570 160 595 196 v.
612 145 757 194 tto-521.

151 299 274 360 lolestat
295 297 424 373 liquidas
445 297 540 358 libera
564 295 663 356 elassis
686 313 787 374 aquas.
1028 301 1080 351 tta

108 384 256 464 Spumeus
280 389 310 443 et
332 383 450 443 terrens
473 392 502 442 et
524 379 561 442 ab
585 380 670 440 obice
691 381 807 440 saevior
829 376 893 461 ibat

151 466 283 546 Objeotis
305 469 405 547 proris
428 469 558 543 impetus
580 463 629 525 ille
652 464 752 526 maris.

109 554 268 630 Accipiunt
289 559 392 612 ventos
416 569 432 611 a
454 558 540 628 tergo
563 548 643 609 mille
666 551 786 609 carinae

152 637 218 696 Jarn
242 643 380 716 poterant
401 653 518 715 puppes
539 652 634 713 paene
656 633 756 694 videre
778 633 921 712 Phryges.

109 721 146 782 Et
168 721 262 781 Danai
283 717 415 797 Troiam,
439 737 528 797 quam
551 719 630 779 lama
653 717 770 778 locabat
792 719 823 777 in
846 714 944 787 astris,
1030 726 1082 776 oto

73 843 77 850 -
150 803 277 883 Jamjam
301 805 498 883 prospiciunt,
522 801 733 881 prospiciendo
757 809 876 864 canunt.

108 888 249 967 Nauticus
272 889 404 949 exoritur
426 888 507 947 vario
531 886 705 947 discrimine
728 885 849 955 elamor,

152 972 250 1043 Ridet,
275 990 363 1051 quem
386 971 444 1032 iata
468 974 527 1032 iam
550 970 707 1032 lacrimosa
731 979 860 1032 manent.

110 1056 256 1118 Providus
278 1057 356 1119 aeria
380 1074 508 1117 cernens
530 1054 698 1136 speculator
720 1054 758 1115 ab
780 1072 850 1117 arce

155 1141 287 1212 Nuntiat,
311 1140 463 1218 Argolicas
485 1142 680 1220 appropriare
702 1146 792 1201 rates.
1027 1149 1080 1198 505

111 1227 260 1288 Adversus
282 1224 401 1303 Trojano
425 1224 540 1286 diversa
564 1223 657 1286 classe
679 1232 819 1304 potenter

151 1310 248 1371 Littus
271 1308 307 1370 ad
330 1308 451 1370 iliacum
475 1317 563 1370 nauta
586 1308 735 1386 gubernat
756 1311 840 1370 itan·

108 1394 170 1455 Neo
192 1411 291 1463 mora;
316 1392 496 1454 Dardaniam
517 1395 626 1453 tacturi
647 1394 707 1455 ianr
728 1410 824 1473 prope
847 1402 969 1464 terram,

151 1477 301 1541 Clamores
323 1480 483 1556 geminant,
508 1476 610 1539 bellioa
634 1476 850 1555 signa-levant.

111 1566 226 1624 Ancora
251 1563 287 1622 de
309 1580 400 1641 prora
420 1561 536 1640 jacitur,
560 1571 619 1622 stat
639 1561 740 1622 littora
763 1563 871 1642 puppis
1026 1574 1099 1622 510·

152 1648 247 1707 Vertit
268 1664 427 1708 arenosum
450 1647 562 1708 lamina
583 1647 679 1728 panda
702 1645 814 1708 lutum.—

151 1855 306 1934 raoraru
324 1876 699 2001 DEFENDUNffiTTTUS
716 1879 763 1932 nr
782 1876 1033 1935 rnornsnaus

110 2065 164 2131 Vix
188 2068 265 2128 hene
288 2068 420 2128 desierat
441 2068 619 2147 speculator,
642 2068 768 2130 buccina
791 2069 911 2146 clangit,

152 2154 184 2212 ln
207 2153 358 2212 cumulum
379 2151 508 2230 populus
531 2155 628 2213 omnis
649 2149 681 2213 iu
703 2152 779 2214 urbe
802 2154 871 2222 ruit,

111 2238 214 2301 Evolat
237 2256 253 2297 e
275 2237 368 2316 portis
391 2237 593 2316 bipatentibus
614 2239 676 2317 ipsa
698 2236 838 2317 juventus

153 2322 307 2400 Argolicos
329 2321 416 2383 stadii
440 2321 552 2400 pellere
574 2323 632 2382 line
656 2325 712 2384 sui.
1026 2331 1078 2380 515

108 2409 172 2470 lam
196 2414 298 2468 rector
320 2407 408 2468 datur
430 2407 541 2467 Hector
564 2408 616 2476 eis,
642 2407 677 2468 ad
701 2407 800 2468 littora
823 2413 959 2477 currunt,

151 2493 259 2571 Ripam
282 2491 454 2562 defendunt,
476 2492 610 2571 undique
633 2490 692 2552 tela
714 2498 815 2553 ruunt.

110 2576 197 2657 Ejieit
220 2577 250 2634 in
273 2574 356 2643 littus
379 2595 412 2637 se
434 2575 615 2637 Protesilaus
637 2585 668 2637 et
689 2577 762 2655 ipsis

152 2660 296 2736 inmergit
318 2659 497 2740 Phrygibus,
520 2680 576 2722 neo
597 2669 681 2721 vacat
702 2668 766 2722 atra
787 2677 904 2722 manus.

112 2746 179 2807 Non
202 2746 251 2805 hio
274 2746 375 2805 uxoris
397 2747 524 2806 serravit
546 2744 633 2806 verba
657 2747 824 2816 monentis;
1027 2754 1079 2804 520

155 2830 237 2892 Bella
260 2836 365 2908 gerant
387 2829 444 2900 alii,
468 2829 650 2891 Protesilaus
672 2838 760 2892 amet.

114 3001 309 3010 *ι’-...-

175 3101 234 3151 495.
253 3101 332 3155 Ovid
350 3103 441 3153 Amor.
459 3103 498 3166 11,
518 3105 558 3166 11,
578 3104 621 3154 18:

211 3169 286 3250 Qpas
305 3169 398 3235 Scylla
417 3170 542 3224 infestet.
561 3185 682 3236 quasque
701 3170 857 3236 Charybdis
875 3185 972 3236 equas.

106 3234 287 3371 titull¹⁶¹¹
309 3238 658 3370 ttlltttdlrtlt.
677 3241 1079 3371 nlllosfmmnltffdlllssi

106 3377 150 3423 est
175 3371 324 3424 Alexandr.
350 3371 388 3433 11,
408 3375 467 3423 395.
535 3375 595 3425 510.
620 3372 715 3425 littore
739 3390 773 3425 ex
796 3390 882 3440 marg.
905 3389 954 3439 pro
972 3372 1079 3424 littora.

105 3439 219 3506 Virgilii
237 3444 281 3492 est
297 3441 369 3491 Aen.
386 3440 435 3501 111,
454 3440 513 3492 277.
584 3443 642 3493 ⁵21.
661 3442 742 3494 Ovid.
762 3443 829 3493 Hor.
848 3440 927 3506 XIII,
945 3441 988 3492 84.
