2378 3810
465 161 527 215 Lib.
546 160 593 211 tl.
629 176 656 211 v.
676 161 767 209 1-14.

463 396 576 456 LIBER
598 395 755 456 SEXTUS.

224 622 229 626 η
281 542 482 614 [INCIPIUNT
500 541 682 597 CAPITULA
700 542 803 596 SEXTI
821 542 941 636 nient]

127 685 232 762 Arguit
254 683 383 743 Aeneam
408 700 461 742 rex
483 685 658 761 Aeneaeque
681 682 796 743 sodales

127 770 233 830 Pacem
256 767 429 834 suadentes;
452 769 547 827 iratus
569 766 661 827 dictat
682 769 713 826 in
736 767 801 827 aula

129 849 263 925 Qualiter
285 849 516 930 Amphimachus
537 849 605 911 illos
629 853 809 912 transmittat
832 851 868 911 ad
891 850 995 912 Oreos.

127 938 235 998 Missus
256 934 430 1014 Polydamas
452 953 506 1015 pro
529 934 687 995 traditione
711 935 850 1014 Syuonen

129 1020 172 1082 Ad
196 1021 292 1081 socios
314 1021 396 1081 ducit
419 1038 435 1080 e
457 1021 578 1088 castris;
601 1016 651 1080 ille
674 1026 806 1096 reportat
1081 1029 1098 1076 5

129 1106 229 1184 Signa,
252 1105 362 1174 locum,
386 1112 501 1183 tempus
525 1105 656 1164 venturis
678 1103 769 1164 limen
791 1105 823 1164 iu
846 1103 936 1164 urbis.

128 1191 186 1251 Per
209 1190 287 1250 cives
310 1191 421 1250 intrant
442 1206 543 1266 regem
568 1186 769 1267 populumque
792 1187 951 1256 trucidant,

130 1273 299 1352 Frangitur,
324 1273 470 1342 obruitur,
495 1272 531 1332 ad
554 1273 679 1334 fundum
702 1271 790 1351 Troja
814 1280 974 1332 crematur.

128 1359 277 1418 Dictatore
298 1357 370 1419 libri
391 1358 496 1436 positis
518 1364 672 1436 aetateque
694 1355 802 1436 Trojae

129 1443 166 1503 Et
185 1459 313 1502 numero
337 1441 437 1502 caedis
458 1458 530 1519 gens
553 1443 666 1502 Graeca
689 1444 832 1519 repatriat
855 1441 960 1502 omnis.
1066 1451 1101 1499 10

448 1655 587 1725 [sunnio
605 1656 774 1725 Annuus]

130 1795 186 1865 Qui
209 1795 290 1857 color
313 1796 396 1857 albus
419 1801 491 1866 erat,
516 1813 595 1856 nnnc
619 1802 665 1855 est
686 1797 851 1856 contrarius
874 1795 957 1863 alho;

174 1880 210 1940 Et
233 1879 304 1940 nihil
329 1888 383 1950 est,
405 1881 442 1941 de
465 1897 523 1957 quo
547 1898 606 1940 non
628 1879 672 1940 sit',
688 1878 824 1940 habenda
847 1879 931 1941 fides.

132 1964 185 2024 His
208 1963 399 2026 Anchisiades
421 1963 683 2025 contrarietatibus
706 1971 805 2025 astans

174 2046 265 2108 Fidus
287 2051 384 2126 primo
407 2047 495 2109 modo
518 2049 649 2125 pertidus
671 2049 730 2109 exit
751 2051 782 2109 in
805 2048 894 2109 haec:

130 2133 173 2193 lle
196 2130 275 2191 hello
298 2132 335 2191 de
357 2150 430 2212 pace
451 2150 520 2192 reor
544 2134 613 2192 satis
636 2151 701 2194 esse
724 2133 865 2203 locutum,
1083 2145 1101 2194 5

174 2216 253 2276 lnter
276 2234 308 2277 se
332 2224 465 2296 pugnant
485 2215 594 2296 jugiter
616 2217 671 2279 ista
693 2217 759 2279 duo.

130 2301 211 2361 Haec
233 2302 321 2362 simul
343 2321 402 2363 una
425 2304 530 2381 nequit
553 2320 636 2363 mens
659 2301 797 2382 amplecti
818 2303 871 2364 sed
894 2310 1021 2383 oportet,

76 2454 79 2459 ¹
173 2385 227 2446 llic
250 2385 294 2446 vel
316 2386 359 2447 ibi
382 2389 478 2464 quivis
500 2395 534 2447 nt
556 2406 609 2448 sna
633 2395 696 2448 vota
720 2389 807 2449 locet:

131 2468 226 2530 Nemo
250 2479 347 2548 potest
369 2472 499 2533 animum
524 2474 612 2533 tantis
635 2472 789 2534 inflectere
811 2470 912 2542 rebus,

174 2554 284 2615 Utres
306 2558 457 2636 oppositas
479 2575 564 2618 mens
588 2557 663 2617 ierat
687 2575 744 2618 una
767 2557 848 2618 duas.
1068 2566 1102 2616 10

132 2637 186 2699 Hic
209 2638 330 2707 bellum,
354 2658 457 2720 pacem
481 2641 628 2703 desiderat
652 2644 719 2710 iste,
743 2644 874 2720 quietem

175 2720 274 2801 Diligit
296 2723 354 2792 hic,
379 2724 483 2786 fluvios
504 2728 658 2804 sanguinis
680 2728 737 2786 iste
759 2726 829 2786 sitit.

131 2805 187 2877 Qui
210 2806 320 2868 hellum
344 2810 448 2870 sitiunt
469 2809 602 2871 illustres
625 2826 691 2871 esse
713 2809 868 2879 ridentur,

173 2891 226 2951 llis
247 2894 325 2953 vires
347 2902 449 2973 optant
471 2896 666 2974 aequiparare
689 2912 766 2956 suas.

200 3164 222 3213 1.
241 3161 331 3214 Schol.
350 3163 490 3227 marginis.
510 3164 587 3227 quasi
606 3162 687 3216 dicit:
707 3179 786 3214 omne
805 3163 877 3228 quod
896 3163 926 3213 in
946 3161 1046 3214 mundo
1058 3168 1102 3215 sot
1159 3144 1162 3151 ⁵

132 3229 264 3281 mutabile
284 3237 334 3281 est.
354 3255 385 3265 --
405 3230 484 3280 ovid.
504 3232 570 3282 Met.
590 3231 627 3293 ΙΙ,
647 3233 695 3281 541

244 3297 294 3347 Cui
314 3296 389 3347 color
407 3297 488 3347 albus
507 3303 567 3348 erat
585 3312 657 3348 nunc
676 3304 718 3348 est
737 3299 892 3350 contrarius
911 3297 985 3352 albo.

129 3385 155 3433 2.
174 3382 224 3438 Ov,
244 3382 331 3433 Trist.
348 3382 371 3443 Ι,
389 3383 414 3444 Ι,
432 3383 457 3432 8.
529 3384 553 3432 9.
573 3383 612 3436 10.
630 3380 763 3447 (Maxim.)
781 3380 804 3443 1,
822 3384 864 3433 45.
883 3383 917 3433 te
935 3383 983 3448 qui
1000 3382 1102 3434 habet:

344 3449 430 3499 Haud
449 3448 532 3500 facile
552 3455 595 3500 est
614 3451 697 3499 anim.
716 3455 736 3499 t.
755 3449 773 3498 i.
793 3465 813 3502 r.
832 3455 884 3501 etc.
