2378 3810
108 133 169 197 160
420 133 483 184 616.
502 135 535 188 6.
570 149 595 189 v.
614 134 758 188 666-666.

107 286 180 349 Cum
204 287 301 366 coepit
323 293 460 365 quassata
482 285 589 347 domus
611 286 819 363 procumbere,
843 294 945 364 partes

149 373 181 432 ln
204 371 384 450 proclinatas
407 387 494 430 omne
517 370 664 432 recumbit
686 388 771 431 onus.

107 456 165 527 Sic,
189 463 345 535 postquam
369 463 468 516 nostra
492 453 650 516 subierunt
673 472 740 515 arva
765 453 891 533 Pelasgi,
1021 466 1075 516 855

150 540 239 619 'l'roja
263 540 352 601 modo
375 540 445 600 vicit
468 547 497 600 et
519 540 606 600 modo
629 541 703 600 ricta
727 540 797 606 luit:
1018 605 1021 611 ,

107 624 192 686 Nunc
215 632 313 684 autem
336 642 481 685 concussa
504 624 590 694 cadit,
614 642 705 704 quum
730 623 854 686 Graecia
877 626 984 686 victrix

150 709 300 788 Opprimit
323 716 353 769 et
374 707 443 769 belli
465 708 599 786 pondera
622 707 684 768 solu
707 711 799 785 gerit;

108 791 144 853 Et
166 794 233 872 quia
257 791 422 862 succubuit,
446 799 526 853 tanta
548 794 576 853 vi
598 809 701 871 pressa
724 792 848 854 reclinat

150 876 182 938 ln
205 895 262 938 nos
285 885 400 937 tortura
423 879 541 937 sarcina
564 875 652 955 Graja
674 877 765 955 gravi,
1022 887 1076 939 866

108 962 286 1022 Corruimus
308 961 405 1040 plene,
429 978 490 1020 non
513 979 615 1040 paene.
651 961 804 1022 Probatio.
838 960 910 1032 Quis
933 980 988 1024 nos

150 1045 297 1122 liegeneri
321 1047 416 1107 nescit
438 1045 486 1104 bic
508 1044 623 1107 latitare
645 1047 733 1123 lugat

109 1131 271 1208 Speramus
293 1132 358 1191 lieri
381 1131 519 1191 victores:
544 1133 612 1210 quis
634 1128 823 1209 prohibebit?

151 1215 225 1293 Spes
248 1217 353 1285 reiicit,
378 1213 533 1275 dominum
557 1213 631 1275 lallit
654 1217 767 1294 etipsa
791 1230 887 1275 suum.

107 1297 192 1368 Quod
215 1316 326 1367 sumus,
352 1307 398 1360 est
419 1297 573 1378 liquidum,
598 1297 713 1378 decepti
736 1299 854 1378 saepius
870 1299 925 1360 bac
941 1317 1004 1381 spe,
1021 1309 1075 1360 866

150 1383 201 1444 Sic
223 1383 375 1444 dominum
398 1382 509 1443 sterilis
531 1401 619 1462 saepe
641 1382 747 1444 fefellit
768 1399 849 1460 ager.

107 1467 182 1555 Spes
206 1469 303 1527 estin
326 1466 424 1528 dubiis
446 1484 564 1544 semper
587 1485 687 1528 comes
710 1470 821 1544 optima
843 1467 942 1537 rebus,

153 1550 211 1612 Sed
235 1560 316 1612 caret
337 1558 436 1628 optato
459 1568 519 1611 non
542 1551 633 1612 semel
655 1550 704 1612 illa
726 1552 820 1612 lucro.

108 1635 173 1696 Non
196 1635 301 1696 faciam
325 1636 362 1696 de
385 1635 466 1696 clave
488 1653 594 1704 seram,
619 1635 760 1697 reserabo
783 1644 921 1714 patenter

150 1718 255 1781 Omnia
278 1739 353 1800 quae
377 1729 464 1780 teneo
487 1728 609 1798 pectore
632 1721 730 1782 clausa
754 1738 831 1781 meo.
1023 1732 1077 1802 876

107 1803 254 1872 Funditus
276 1806 448 1875 occidimus,
474 1803 641 1866 nechabet
664 1806 782 1866 fortuna
806 1823 988 1883 regressum,

151 1889 217 1950 Non
241 1889 331 1953 habet
353 1892 384 1949 in
407 1888 494 1950 nobis
514 1888 574 1966 jani
598 1907 672 1950 nova
694 1889 781 1968 plaga
804 1887 913 1951 locum.

108 1973 234 2034 (iremus
257 1992 372 2053 pacem,
396 1973 516 2034 dextras
537 1974 693 2034 tendamus
715 1976 837 2045 inertes,

149 2056 188 2119 Ut
210 2065 326 2118 vertant
347 2058 448 2118 hostes
472 2057 508 2118 ad
532 2072 585 2118 sua
608 2075 678 2118 rura
702 2058 804 2138 pedes.
1070 2112 1075 2122 ,

108 2141 234 2220 Raptam
257 2141 418 2202 reddamus
441 2140 583 2202 Helenam
607 2142 768 2219 redeatque
790 2143 903 2221 rapina,
1024 2152 1078 2202 876

149 2226 224 2286 11666
247 2226 343 2286 solent
364 2243 472 2303 magno
495 2227 600 2286 damna
624 2222 738 2288 minora
761 2226 850 2295 bono,

90 2310 145 2372 ‚Et
166 2309 335 2390 Phrygibus
357 2309 485 2390 Phrygia
508 2313 545 2372 sit
567 2311 664 2388 tellus,
688 2311 812 2373 Graecia
836 2312 966 2381 Graecis,

150 2393 231 2455 Bella
254 2394 426 2473 relegentur
448 2397 546 2455 omnia
569 2413 643 2475 pace
665 2394 741 2457 data.

108 2481 224 2541 Ancora
248 2478 364 2540 consilii
388 2478 492 2540 subeat
515 2482 576 2541 cito
599 2479 698 2540 littora
721 2489 840 2555 cuncta,

151 2563 194 2623 Ne
217 2561 322 2624 lassata
344 2565 417 2624 ratis
440 2567 628 2625 concutiatur
651 2565 743 2641 aquis.
1024 2573 1079 2624 886

110 2644 187 2710 Sero
210 2651 370 2727 respicitur
392 2646 488 2725 tellus,
514 2646 565 2709 ubi
588 2648 659 2709 lune
682 2647 779 2709 soluto

151 2729 249 2792 Currit
271 2735 302 2793 in
325 2735 504 2793 immensum
528 2731 624 2812 panda
646 2734 747 2793 carina
770 2732 875 2813 salum.

109 2815 289 2878 incumbunt
312 2819 404 2886 muris
426 2816 506 2878 velut
529 2817 674 2878 undosum
698 2836 780 2878 mare
804 2817 918 2886 Graeci,

210 3088 269 3137 866.
289 3089 331 3141 64,
359 3086 439 3142 06161.
458 3087 539 3137 Trist.
557 3088 595 3151 11,
614 3090 655 3139 83.
674 3089 716 3152 84,
738 3087 787 3138 ubi
808 3091 903 3137 tamen
925 3101 975 3151 pro
995 3100 1080 3152 „pro-

108 3153 254 3205 cumbere“
274 3153 456 3216 „subsidere“
474 3154 584 3219 legitur.
653 3156 713 3210 868,
731 3155 817 3206 schol.
829 3169 941 3219 nempe:
962 3167 1079 3220 sperare

107 3219 197 3271 116661.
266 3224 326 3273 864.
345 3221 482 3288 Pamphil.
500 3223 522 3283 1,
543 3224 583 3272 16.
636 3223 694 3273 866.
716 3222 862 3275 06161666
879 3218 964 3277 omui.
981 3223 1078 3284 6466,

107 3290 165 3344 812.
188 3289 238 3341 06.
257 3288 529 3352 66Ρο61.Π,1,42,
547 3287 638 3354 ‚‚vix“
655 3290 749 3344 babet.
810 3291 869 3342 876.
893 3292 943 3343 06.
961 3289 1081 3343 Remed.

107 3357 165 3407 672.
234 3358 293 3413 881.
313 3359 354 3408 82.
385 3357 466 3408 06161.
484 3358 574 3412 Amor.
592 3356 629 3417 11,
651 3359 690 3417 11,
708 3360 750 3409 23.
769 3360 811 3408 24.
830 3359 925 3409 Nostri
948 3359 1081 3423 ‚monspi-

108 3423 199 3474 eitur“
220 3424 356 3490 61,,1166“
376 3440 409 3475 ex
428 3424 527 3477 Ouidio
545 3425 756 3480 emendavimus.
