2378 3810
415 166 479 215 nto.
497 165 548 216 111.
584 181 610 214 v.
631 167 772 215 reo-224.
1036 168 1076 233 qq

112 316 251 378 (Iurando
274 317 339 376 fieri
361 310 506 394 quaedam
529 314 641 393 majora
663 315 798 377 ridemus
1027 331 1076 379 195

153 399 293 468 Vulnera,
317 418 392 479 quae
415 397 523 459 melius
545 417 604 459 uon
629 402 763 477 tetigisse
784 403 849 461 tuit

109 484 188 544 Sunt
210 485 298 545 etiam
321 502 411 544 nares
433 481 626 562 reparandae.
670 484 775 544 Nonne
797 485 911 555 videtis,

153 569 280 647 Semper
303 587 353 629 eas
374 570 465 627 rastis
486 566 566 645 quod
588 569 683 645 quatit
704 568 803 628 Eurus
825 570 928 648 aquis?

111 650 149 710 Et
171 654 231 712 cito
253 652 390 712 deficient
413 649 563 717 alimenta,
586 651 716 719 cibaria;
738 652 823 713 multi

152 735 312 814 Temporis
334 735 470 795 assiduus
492 732 582 793 debet
604 735 715 795 habere
737 734 832 796 labor.
1026 749 1077 799 200

110 818 162 878 Est
184 820 272 879 etiam
295 819 428 879 modicus
451 821 611 888 exercitus,
635 819 755 895 etquis
778 819 888 882 beilum

152 903 241 962 Forte
263 902 314 963 diu
336 901 435 970 stabit,
459 901 555 981 major
576 901 732 962 habendus
754 905 821 964 erit.

111 985 177 1046 Non
200 994 341 1065 poterunt
363 987 418 1046 ista
440 986 507 1046 fieri
529 986 586 1044 nisi
608 993 708 1047 mente
729 1005 834 1048 serena

154 1070 191 1130 Et
213 1069 290 1130 bene
313 1088 428 1148 secura,
451 1086 508 1129 uec
529 1070 587 1128 nisi
609 1087 683 1148 pace
705 1069 782 1134 data.

112 1153 191 1228 Ergo
213 1155 402 1231 requiramus
424 1170 537 1232 pacem,
559 1170 723 1232 pacemque
745 1158 910 1224 triennem;
1026 1167 1076 1216 205

97 1312 102 1320 .
157 1237 289 1315 Tempus
311 1247 342 1300 ut
364 1237 517 1298 obtineant
538 1246 759 1315 promemorata
781 1248 888 1300 ratum.

112 1319 190 1380 Dixit
211 1331 242 1380 et
264 1322 299 1381 ad
321 1321 472 1383 Priamum
495 1321 654 1382 confestim
677 1323 765 1383 mittit
787 1323 902 1384 Ulixem

155 1404 227 1465 Cum
250 1405 393 1466 Diomede
416 1405 498 1481 ioqui
519 1403 609 1465 verba
631 1408 732 1484 priora
756 1407 821 1471 siti.

174 1567 308 1622 nunrn
325 1557 785 1626 uesunuuours'vnmuur
802 1569 842 1624 m
861 1571 1011 1630 ruomu.

112 1672 178 1732 Nor
201 1681 267 1733 erat
288 1681 320 1734 et
342 1672 462 1753 Trojam
486 1674 636 1737 latitanter
658 1678 762 1737 nuntia
783 1677 902 1746 vadunt,

155 1758 192 1815 ut
213 1775 276 1825 sua,
299 1758 377 1817 forte
399 1760 465 1834 quis
486 1759 533 1818 his
556 1759 663 1828 obviat,
686 1776 767 1819 arma
789 1760 899 1820 ierunt.
1026 1771 1077 1819 210

112 1839 206 1900 immo
227 1838 323 1901 Dolon
347 1844 478 1903 occurrit
500 1845 543 1903 eis
566 1861 583 1902 e
605 1843 733 1903 Troibus
756 1861 846 1908 nnus;

154 1923 285 1994 Quaerit,
308 1942 368 2003 quo
390 1926 489 1987 medio
510 1935 645 2005 ternpore
668 1929 763 1987 noctis
784 1935 863 1996 eant,

113 2006 151 2064 Et
171 2009 215 2067 sie
237 2009 358 2076 armati;
383 2019 529 2071 nocturna
551 2012 680 2089 negotia,
704 2011 784 2078 dicit,

157 2093 305 2170 Armaque
326 2091 394 2171 jure
417 2103 517 2155 notam
539 2096 718 2176 suspicionis
739 2095 858 2157 habeut

113 2173 255 2235 Vadimus
276 2175 313 2235 ad
336 2175 497 2248 Priamum,
520 2179 713 2258 respondent,
735 2197 829 2258 pauca
851 2180 977 2248 referre,
1026 2188 1077 2237 215

157 2257 239 2328 Quae
260 2276 315 2336 per
337 2277 392 2320 nos
414 2260 544 2341 loquitur
565 2281 619 2323 rex
641 2263 843 2340 Agamemnon
866 2265 903 2323 ei.

110 2339 257 2420 Trojanos
279 2342 359 2422 quod
381 2344 556 2423 prodiderit,
579 2349 725 2407 mentitur
747 2346 905 2415 Homerus,

155 2424 239 2494 Quod
263 2429 304 2487 sit
324 2428 448 2489 istorum
471 2429 606 2508 perditus
628 2446 699 2489 ense
721 2429 832 2499 Dotem

114 2504 203 2579 Dicit,
227 2509 297 2571 dum
318 2512 417 2573 iuerat
437 2515 565 2575 scrutari
586 2514 696 2574 missus
716 2513 843 2574 Achivos

155 2592 256 2653 Donec
277 2597 441 2665 transierit,
465 2596 617 2659 delituisse
639 2596 724 2657 duos.
1025 2607 1077 2655 220

110 2676 221 2754 Captus
243 2676 280 2737 ab
302 2679 350 2738 his
371 2679 484 2741 Troum
507 2683 614 2741 recitat
635 2687 751 2742 secreta
774 2679 892 2741 duobus

157 2759 314 2822 Insinuaus
335 2781 389 2841 per
411 2766 490 2842 quod
513 2765 744 2842 ingrederentur
764 2765 831 2825 iter.

112 2843 240 2904 Maxima
262 2845 352 2924 Troja
374 2848 447 2909 mihi
469 2867 593 2910 currum
614 2849 751 2928 promisit
772 2849 905 2918 Achillis,

156 2926 271 2997 Intulit,
295 2930 448 3007 Argoiicae
470 2934 496 2992 si
517 2941 696 3013 caperentur
717 2950 800 3010 opes.

179 3095 237 3145 1⁹5.
249 3096 276 3145 0.
289 3095 340 3146 Or.
355 3095 434 3147 Pont.
447 3098 484 3161 ΙΙ,
499 3101 524 3161 7,
536 3101 578 3150 25.
591 3100 633 3151 26.
667 3100 726 3150 205.
739 3099 827 3164 Merg.
840 3099 988 3150 triennem.
1006 3099 1076 3150 Meu.

110 3160 253 3216 trientem.
304 3165 363 3214 214.
381 3166 469 3229 Marg.
487 3170 591 3215 uotam.
609 3166 799 3220 Memnonem.
851 3167 1078 3220 struentibus.

109 3227 258 3279 Homerus.
281 3230 384 3281 Noster
401 3231 618 3296 Epitomatorem
633 3232 687 3284 hoe
704 3234 821 3284 nomine
835 3231 984 3299 significet,
1003 3232 1078 3298 apud

111 3308 196 3359 quem
214 3296 287 3347 haec
304 3312 332 3347 v.
349 3300 400 3349 tot
417 3314 478 3364 sqq.
495 3305 653 3355 narrantur.
721 3302 780 3351 22³.
798 3300 918 3366 Epitorn.
935 3301 994 3352 720.
1011 3301 1053 3350 21.

232 3364 355 3416 Maxima
373 3363 457 3429 Troja
474 3365 542 3416 mihi
559 3381 667 3417 currum
685 3367 809 3432 promisit
826 3367 944 3419 Achillis

263 3431 293 3481 si
311 3437 421 3483 vestras
441 3434 565 3498 cepisset
582 3449 661 3499 opes.
