2378 3810
138 145 198 210 118
441 147 503 198 Lib.
515 147 569 198 tv.
600 162 627 199 v.
645 148 788 202 coa-cm.

179 299 290 361 Diifidit
314 299 472 379 oppositos,
496 297 626 360 vindicat
648 316 720 359 ense
744 297 842 359 dolos·

137 385 219 455 Quae
241 384 348 463 potuit,
371 384 457 452 iecit:
482 402 519 444 ne
542 385 584 444 nil
606 390 755 462 ageretur,
779 384 872 444 aravit

178 471 304 529 Vomere
327 484 385 546 quo
410 476 540 545 poterat;
564 474 645 529 totus
666 471 789 546 inermis
812 476 885 532 erat.

136 553 173 614 At
195 555 300 614 mortis
322 571 432 632 genere
454 572 487 614 se
509 554 679 614 consolatur
701 553 833 623 honeste,
1052 563 1106 613 405

178 636 280 698 Falsos
302 655 378 716 quos
400 645 525 717 reputat,
550 655 608 700 non
632 641 696 699 sine
718 645 814 698 morte
837 632 927 699 sedat.

135 721 307 783 Antilochus
328 721 409 801 juvat
430 723 597 798 Aeneidem,
622 729 800 802 contorquet
822 725 938 801 etipse

179 807 236 867 l’ro
261 817 345 868 scuto
368 806 563 885 chlamydem,
587 805 700 868 distulit
721 806 790 868 inde
813 824 927 867 necem.

136 892 201 952 Non
224 898 363 970 poterant
384 891 492 953 durare
515 891 575 952 duo
598 900 658 952 tam
682 892 801 970 dispare
824 890 912 966 hello,

179 975 319 1037 'lactibus
342 975 468 1037 assiduis
490 978 594 1037 interit
616 979 675 1037 icta
699 974 837 1055 chlamys.
1052 986 1106 1036 500

137 1060 204 1120 Νο0
228 1069 292 1120 erat
314 1061 436 1121 armatis
458 1078 585 1140 aequum
610 1078 790 1122 concurrere
813 1061 918 1129 nudos,

178 1148 234 1206 Aut
256 1151 358 1204 contra
381 1151 478 1206 tantos
500 1146 580 1206 serre
604 1143 699 1206 duella
723 1146 806 1205 duos.

136 1228 230 1290 Ambo
254 1229 435 1296 ceciderunt,
460 1230 634 1291 ceciderunt
656 1227 761 1300 amho;
785 1231 850 1318 quis
872 1248 1001 1309 unquam

179 1313 271 1373 Ferre
294 1314 343 1372 diu
367 1321 466 1391 posset
489 1313 559 1375 talia
581 1313 657 1375 heila
681 1314 782 1391 gigas?

138 1397 188 1457 Sic
211 1397 289 1456 cadit
311 1395 495 1466 Antilochus,
519 1399 569 1467 sic,
594 1401 646 1467 sic,
669 1399 818 1459 formosus
839 1397 977 1470 Achilles,
1052 1409 1105 1459 505

182 1482 232 1541 Sic
254 1480 339 1540 Paris
361 1481 480 1541 inlanda
503 1489 600 1543 morte
621 1483 749 1544 trucidat
770 1501 830 1544 eos.

124 1563 343 1642 'Projiciantuc
367 1567 416 1632 ait.
442 1566 515 1626 haec
537 1567 622 1627 foeda
646 1567 787 1643 cadavera
811 1569 915 1637 corvis,

179 1649 247 1710 Sint
268 1649 392 1711 canibus
415 1653 521 1721 saevis,
545 1652 605 1713 sint
627 1650 766 1712 alimenta
788 1650 876 1731 lupis.

137 1734 242 1803 Immo,
266 1735 360 1795 reiert
382 1733 521 1806 Helenus,
545 1737 645 1815 potius
666 1735 830 1797 reddantur
853 1737 964 1804 amicis,

180 1818 246 1878 Non
270 1817 361 1880 debes
382 1818 536 1880 hominum
560 1837 682 1898 pascere
705 1839 795 1881 carne
818 1838 916 1886 canes.
1053 1831 1106 1881 510

137 1903 288 1964 Reddatur
311 1904 417 1976 Danais
440 1903 596 1966 collectum
620 1923 729 1982 corpus
751 1903 883 1974 Achillis,

180 1987 343 2066 important
366 1990 471 2049 castris
494 1988 674 2069 alteriusque
697 1988 791 2050 ducis.

137 2071 297 2149 Egregium
321 2071 439 2134 Priamo
462 2091 513 2133 rex
538 2073 719 2134 concedente
742 2073 933 2150 sepulchrum

179 2155 283 2232 Erigit,
307 2155 364 2215 hoc
386 2157 469 2218 strati
493 2157 595 2219 militis
617 2175 682 2218 ossa
705 2159 788 2234 tegit.

139 2239 264 2300 Graecia
287 2257 369 2300 more
392 2258 446 2301 suo
469 2241 560 2302 decus
583 2242 736 2321 exequiale
760 2241 936 2322 frequentat,
1053 2251 1106 2300 515

181 2325 301 2385 Fortem
324 2323 470 2404 deplorat,
494 2325 643 2405 unguibus
666 2344 717 2396 ora
740 2333 830 2387 secat.

56 2664 60 2669 ,
138 2591 289 2662 [ORATIO
308 2592 581 2650 AGAMEMNONIS
593 2595 644 2649 AD
658 2592 823 2650 GRAECOS
841 2592 889 2646 Du
904 2590 1106 2648 PERGENDO

548 2678 686 2747 00000]

89 2840 93 2847 “
139 2835 289 2896 Convocat
311 2833 339 2893 in
362 2843 479 2895 coetum
501 2853 554 2895 rex
577 2835 720 2896 Graecos:
744 2834 899 2913 perdimur
922 2849 1026 2894 omnes

180 2918 326 2980 Paulatim
349 2937 499 2999 proceres,
525 2918 647 2999 etquid
672 2935 803 2997 agemus,
827 2920 877 2978 ait.

139 3005 259 3065 Corruit
281 3003 424 3064 Aeacides
447 3004 542 3065 nostri
565 3003 672 3065 liducia
695 3002 772 3071 belli,

183 3087 327 3150 Nolumus
350 3096 400 3149 aut
422 3086 555 3149 volumus
577 3086 717 3149 ulteriora
741 3087 843 3167 sequi?
1056 3090 1109 3140 500

139 3173 194 3234 Hic
217 3191 319 3234 sumus
342 3181 371 3232 et
393 3171 491 3234 studio
515 3176 677 3234 transimus
700 3178 818 3250 tempus
840 3171 931 3239 inani,

182 3257 242 3317 Nec
265 3275 344 3336 quae
366 3259 521 3333 praeteriit
543 3257 616 3317 hora
639 3256 739 3317 redire
761 3262 867 3334 potest.

139 3341 205 3402 Non
230 3342 419 3403 discedemus
440 3358 598 3419 proceres:
623 3340 694 3421 quid
718 3339 889 3401 consulitis?
912 3339 938 3398 si

182 3426 270 3488 Forte
293 3428 519 3497 recesserimus,
543 3424 627 3505 plebs
649 3425 753 3486 vitiosa
776 3441 888 3486 sumus.
