2378 3810
64 154 69 163 ·
108 127 149 190 10
436 129 499 179 Lib.
515 130 536 182 1.
560 130 741 184 Prooemium.

107 285 269 344 Hesionem
292 279 433 343 Telamon
457 281 731 357 deduxerat,'hanc
752 284 917 363 repetendo
1066 295 1083 346 5

107 366 153 429 Nil
177 370 238 445 agit
259 368 406 435 dnten0r;
430 366 558 427 ultorem
581 384 613 426 se
635 367 719 428 Paris
742 368 837 438 offert,

109 451 287 512 Dissuadent
309 451 405 531 aliqui,
430 452 481 511 sed
506 453 623 528 navigat
645 450 703 521 ille,
727 460 879 531 repertam

108 535 263 597 Deducens
285 536 429 596 Helenam
451 535 545 596 Troes
567 534 726 607 laetantur,
749 536 869 598 Atrides

108 619 243 681 Fratrem
265 619 385 688 solatur,
409 620 566 681 vindictam
589 620 713 682 Graecia
736 620 836 692 dictat,

107 703 170 765 ilex
192 705 394 784 Agamemnon
417 706 484 780 erit,
507 704 680 782 ratibusque
703 704 838 767 studetur
863 713 893 767 et
914 707 1018 768 armis.
1047 716 1080 767 10

361 987 410 1040 ou
427 937 813 1042 rnocussu'nucroms.
902 969 905 973 ’

194 1161 361 1222 Praemisso
386 1161 538 1240 prooemio
562 1168 591 1220 et
614 1159 769 1239 descriptis
790 1161 879 1240 primi
901 1159 972 1221 libri
996 1163 1078 1241 capi·

109 1246 180 1308 tulis
209 1253 328 1313 auctor,
362 1252 537 1323 praenotato
567 1251 754 1320 competente
782 1244 957 1324 proverbio,
993 1263 1079 1307 more

108 1332 287 1410 scriptorum
311 1330 454 1408 proponit
483 1335 512 1387 et
541 1329 657 1387 invocat
683 1335 716 1389 ut
737 1329 943 1391 rationabilius
966 1329 1003 1389 ad
1027 1349 1078 1390 or·

110 1416 210 1476 dinem
233 1413 414 1474 narrationis
437 1411 572 1482 accedam
595 1415 736 1490 proponit
758 1431 825 1474 cum
848 1414 945 1493 posito
969 1431 1079 1475 secun·

110 1499 179 1559 dum
203 1499 409 1560 auctoritatem
434 1495 529 1556 Ovidii
551 1495 631 1575 quod
654 1494 903 1558 delectamentum
926 1499 1021 1576 magis
1043 1516 1079 1561 ac

109 1585 203 1662 magis
232 1581 335 1642 illiciat
362 1580 543 1648 studiosnm;
573 1581 672 1640 statim
694 1580 821 1660 subjecit
842 1581 923 1662 quod
945 1589 1079 1643 tractare

110 1669 180 1729 velit
208 1685 276 1728 cum
311 1666 396 1727 dicit:
431 1664 543 1727 Taliter
571 1665 589 1725 l.
618 1683 642 1725 e.
678 1664 729 1725 tali
759 1667 847 1727 modo
877 1665 962 1727 stilus
992 1684 1079 1727 meus

111 1754 188 1815 idem
213 1753 344 1813 studium
369 1769 467 1811 meum
491 1753 551 1811 ruit
573 1751 604 1810 in
628 1767 709 1810 arma
733 1749 777 1811 vel
801 1749 911 1812 bellum
927 1750 1079 1811 Troianae

111 1839 263 1900 historiae.
308 1836 384 1897 Ecce
410 1838 564 1915 expressio
589 1853 655 1895 mea
684 1836 800 1913 quaerit
829 1835 997 1896 recitationi
1027 1834 1080 1895 de·

110 1913 192 1983 m'ere
221 1923 292 1983 laisa
321 1929 350 1980 et
375 1938 514 1999 promere
544 1921 562 1978 i.
588 1937 615 1978 e.
635 1919 772 1979 scribere
796 1938 874 1979 vera.
919 1919 999 1980 Ecce
1024 1937 1077 1979 ex-

111 2008 225 2084 pressio
242 2006 366 2065 lormae.
409 2004 529 2062 Invocat
549 2020 616 2063 cum
635 2002 799 2080 subjungit:
828 2002 1038 2073 „Automedon
1048 1999 1079 2082 *l

110 2107 200 2149 verus
231 2096 259 2148 et
287 2088 337 2164 qui
359 2085 437 2145 videt
459 2089 559 2147 omnia
582 2085 753 2147 Phoebus.“
797 2087 915 2149 Invocat
936 2090 1079 2154 Autome·

114 2172 235 2233 dontem
258 2171 304 2232 vel
327 2172 460 2248 aurigam
483 2169 566 2231 illum
591 2173 641 2246 qui
664 2179 708 2231 est
731 2189 837 2231 currus
860 2169 950 2232 lsrael
972 2178 1003 2231 et
1025 2189 1080 2233 au·

113 2259 177 2333 riga
201 2256 276 2336 ejus,
300 2255 367 2316 ideo
391 2254 523 2333 adjungit
538 2272 640 2326 verus;
665 2253 790 2315 stillum
805 2254 969 2326 Phoebum,
993 2257 1080 2317 cuius

110 2350 181 2402 sunt
210 2339 289 2402 oculi
316 2348 349 2400 ut
371 2339 488 2401 flamma
516 2341 592 2418 ignis
621 2347 649 2398 et
676 2345 833 2418 penetrant
856 2358 949 2420 usque
972 2339 1009 2400 ad
1033 2339 1080 2401 di-

111 2429 253 2487 visionem
283 2426 393 2505 speciei
422 2432 451 2487 et
478 2425 594 2485 animae
629 2433 658 2484 ct
686 2442 744 2484 non
778 2431 823 2484 est
853 2424 912 2485 ulla
940 2431 1079 2485 creatura

112 2509 269 2571 invisibilis
291 2514 322 2570 in
346 2518 506 2589 conspectu
530 2504 661 2589 ejus**).
707 2507 913 2587 Propositione
942 2517 973 2569 et
994 2509 1080 2569 invo-

111 2595 228 2655 catione
263 2593 338 2653 lacta
372 2596 470 2654 statim
506 2593 669 2654 secundum
701 2591 866 2654 doctrinam
895 2593 1013 2653 Horatii
1042 2592 1079 2653 ad

114 2685 253 2738 eventum
282 2675 401 2736 lestinat
429 2685 457 2737 et
483 2678 514 2736 in
543 2677 656 2736 medias
683 2694 733 2739 res
756 2685 785 2737 et
808 2677 1007 2739 narrationem
1031 2679 1080 2736 in·

111 2763 200 2824 choat
222 2761 339 2824 dicens:
377 2759 517 2828 „Crethei
549 2759 680 2839 proles.⁴‘
725 2760 870 2822 Cretheus
902 2758 980 2821 iilius
1014 2766 1081 2821 erat

111 2847 204 2917 decli,
227 2863 316 2926 quem
340 2844 511 2906 fabulantur
539 2844 626 2905 deum
650 2852 820 2917 ventorum,
851 2853 881 2906 et
902 2844 998 2905 Pelias
1022 2844 1080 2904 iste.

113 2932 232 2994 Crethei
256 2937 319 2991 erat
341 2929 420 2992 lilius
443 2937 473 2990 et
495 2930 587 2991 irater
603 2931 728 2990 Aesonis
744 2937 774 2993 et
789 2927 1004 3009 Pelopensihus
1020 2929 1079 2989 im·

111 3017 251 3098 perabat,
286 3034 376 3095 quam
405 3016 551 3075 civitatem
580 3014 688 3094 Pelops
716 3013 795 3076 iilius
823 3011 940 3075 Tantali
969 3012 1080 3073 dicitur

111 3104 255 3165 struxisse
279 3109 309 3160 et
331 3099 367 3161 ab
392 3098 455 3178 ejus
477 3101 598 3161 nomine
620 3098 657 3160 sit
679 3106 791 3160 vocata.

110 3273 314 3283 ---—--

180 3392 204 3443 8.
224 3406 239 3441 e
257 3389 393 3455 margine,
413 3392 506 3438 textus
525 3402 621 3437 rasura
639 3385 792 3451 illegibilis.
862 3380 888 3447 *)
907 3384 976 3434 Meo.
993 3381 1081 3433 Anto·

111 3457 209 3508 medon
227 3465 259 3511 ut
278 3471 393 3523 semper.
465 3455 509 3520 **)
528 3455 581 3520 Ep.
601 3455 638 3505 ad
655 3454 740 3505 Hebr.
760 3454 808 3515 1v,
828 3453 868 3502 13.
