2378 3810
150 174 212 239 124
456 175 520 228 nab.
538 174 585 228 1v.
608 190 641 229 -ν,
658 176 801 229 cea-eea.

93 292 96 299 Ι
148 327 249 392 Pirula
268 327 387 388 directo
410 327 538 403 partitur
560 327 679 386 tramite
701 344 800 396 neres,

192 412 257 472 Non
281 418 383 480 tumet,
408 417 459 471 aut
481 408 578 488 aliqua
602 410 698 472 deviat
720 409 769 470 illa
792 410 845 479 via,

151 498 296 559 Nolumus
318 496 396 555 hanc
417 502 501 553 torvo
524 492 570 552 vel
593 495 707 555 adunco
730 492 862 555 scribere
884 511 957 556 naso

192 582 284 661 Inque
308 596 377 638 cava
400 576 500 638 nullus
523 586 567 638 est
589 578 631 638 ibi
653 588 725 639 nare
748 576 835 657 pilus,

149 668 214 728 Non
238 671 283 725 est
304 661 350 724 vel
374 661 488 722 medica
511 662 645 722 maculae
668 662 863 741 reprehensio
887 661 957 725 mali

193 750 255 810 Nec
278 746 370 809 laedit
390 763 480 805 nares
503 747 605 824 virque
627 756 771 826 paterque
794 748 909 824 gregis3

150 835 202 896 Est
225 841 256 893 et
278 832 458 891 aromaticus
481 847 541 890 non
563 832 690 890 rusticus
712 828 821 891 halitus
845 833 921 899 oris,

192 917 301 977 Nescio
324 916 392 994 quis
413 912 519 974 melior
541 912 639 974 thuris
663 921 692 974 et
715 915 774 974 oris
797 914 880 974 odor.

151 1004 284 1063 Aurorae
307 1000 398 1060 iacies
421 999 506 1076 quasi
528 995 598 1068 lilia,
622 996 693 1058 dum
716 997 811 1058 rubor
833 997 875 1058 illi

193 1087 230 1146 Et
252 1083 372 1151 eander,
396 1089 502 1142 neuter
525 1090 567 1141 est
591 1088 620 1141 et
642 1090 769 1162 uterque
792 1081 884 1143 color.

39 1164 41 1170 ’
151 1171 190 1232 Os
213 1169 286 1246 cycli
310 1167 393 1244 quasi
416 1166 531 1226 dimidii
553 1165 679 1227 ridendo
702 1166 835 1236 resultat,

192 1254 261 1314 Vult
282 1249 400 1312 laudem
423 1251 517 1329 spatio
540 1252 743 1329 promeruisse
767 1250 858 1310 brevi.

149 1338 282 1408 Quodam
306 1353 338 1395 se
360 1332 508 1412 praebent
530 1336 692 1412 pugnantia
714 1333 798 1395 labra
822 1343 947 1407 tumore,

194 1421 251 1497 Sed
275 1419 390 1478 modico
413 1416 537 1478 rutilant
559 1437 620 1478 non
642 1426 740 1480 tamen
763 1418 874 1498 absque
896 1419 994 1481 modo.

151 1505 269 1566 Statura
293 1502 405 1563 similes
428 1501 532 1562 dentes
555 1505 744 1582 compaginat
766 1503 849 1570 orde,

192 1588 303 1667 Estque
326 1587 497 1646 nitescentis
521 1589 656 1656 aemulus
679 1587 752 1647 erdo
777 1589 860 1647 nivis

152 1673 307 1752 Respicias
330 1676 472 1741 mentum,
497 1678 630 1730 mentum
653 1678 711 1731 tam
736 1668 835 1731 nobile
856 1681 987 1735 mentem

193 1758 347 1816 Amentem
370 1754 477 1824 reddit,
501 1758 528 1815 si
551 1756 617 1833 quis
640 1773 738 1814 amare
757 1754 834 1815 velit.

150 1841 186 1901 Et
209 1839 277 1899 colli
299 1840 387 1900 Pario
412 1840 495 1915 quasi
518 1856 666 1899 marmore
689 1847 769 1899 secta
792 1837 930 1899 columna

193 1925 255 1984 Scit
277 1921 427 2001 speculam
451 1924 556 2002 capitis
580 1939 663 1982 mere
685 1923 783 1983 levare
805 1925 898 2000 gruis.

152 2011 253 2070 Visum
277 2010 420 2079 cernenti,
445 2024 497 2066 cer
519 2003 670 2067 furaretur
692 2010 812 2075 amanti,

193 2091 275 2161 Quae
298 2088 468 2169 crystallino
492 2099 611 2168 gutture
633 2091 728 2151 lcrma
751 2095 847 2152 micat.

150 2177 229 2235 Voce
251 2182 336 2234 vocat
357 2172 485 2242 laudem,
510 2176 576 2254 quia
600 2193 653 2235 vex
678 2177 809 2235 imitatur
832 2174 946 2235 olorem
1064 2187 1122 2240 685

193 2261 244 2319 Est
266 2266 325 2319 tarn
349 2275 421 2336 grus
443 2257 530 2328 colle,
555 2277 643 2338 quam
666 2258 827 2335 philomela
849 2277 933 2319 seue.

150 2344 186 2404 Et
209 2342 310 2423 quales
333 2342 466 2403 humeri!
489 2361 586 2422 neque
609 2343 756 2404 decedunt
779 2361 875 2423 neque
898 2352 1032 2424 surgunt,

195 2429 231 2488 Ut
253 2427 370 2506 jaceant
391 2426 437 2486 vel
460 2433 547 2496 stent,
572 2431 683 2505 gratius
706 2427 792 2488 ambo
815 2427 930 2490 sedent.
1050 2484 1053 2489 ,

150 2512 245 2583 Quam
269 2513 391 2571 veniunt
413 2512 500 2572 simul
523 2511 560 2570 ab
583 2510 717 2571 bumerls
740 2520 799 2572 tarn
822 2519 978 2573 stemmate
998 2511 1092 2592 longe

193 2594 346 2664 Bracchia,
371 2613 456 2676 quam
481 2593 584 2672 gracili
606 2594 762 2656 delleiatur
784 2596 834 2660 ibl,
1066 2609 1125 2659 696

46 2755 48 2758 ⁴
149 2679 216 2739 Non
240 2697 364 2739 carnosa
386 2696 492 2740 manus
515 2679 566 2738 sed
591 2697 707 2753 carnea,
731 2680 839 2757 gaudet
862 2678 900 2740 ab
922 2682 1002 2740 intus

194 2763 316 2824 Ossibus
340 2772 368 2823 et
391 2765 500 2832 nervis,
525 2781 616 2824 carne
639 2765 752 2824 nitente
775 2763 863 2832 idris;

218 2983 276 3031 664.
295 2986 384 3032 tumet
402 2997 417 3031 e
435 2982 559 3045 margine
578 2995 627 3046 pro
646 2981 733 3036 timet.
803 2983 862 3037 665.
881 2980 932 3033 Ov.
950 2981 1003 3032 Ars
1020 2984 1043 3046 Ι,
1057 2986 1123 3042 620.

150 3050 208 3102 668.
227 3065 241 3099 e
260 3049 384 3113 margine
403 3064 452 3111 pro
471 3048 587 3113 graecis.
608 3047 658 3102 Ov.
676 3049 731 3100 Ars
748 3051 770 3113 1,
789 3051 839 3101 522

217 3115 276 3165 Nee
294 3115 407 3165 laedant
425 3131 507 3166 nares
525 3117 622 3180 virque
640 3120 777 3181 paterque
795 3116 898 3182 gregis.

151 3183 210 3234 673.
241 3197 256 3232 e
273 3197 359 3247 marg.
380 3182 453 3246 cycli
471 3198 519 3247 pro
538 3182 610 3245 sicli,
628 3183 742 3234 resultat
760 3200 809 3249 pro
827 3183 953 3233 refultat.
1024 3185 1086 3242 680.
1105 3202 1124 3238 e

147 3265 242 3366 inaugA
253 3264 529 3367 saturarerprolcmorlel.
553 3316 573 3365 Γ
598 3252 722 3370 66165660
734 3251 871 3302 filomena.
941 3252 999 3306 687.
1011 3253 1036 3304 8.
1054 3254 1123 3305 Ala·

148 3333 201 3369 nus
243 3332 389 3371 n10.1.
423 3355 473 3368 ..
527 3333 601 3376 ‚ua
637 3354 687 3373 .,

217 3384 278 3436 Non
296 3383 369 3434 male
389 3334 464 3434 eellbJ
480 3383 584 3449 sedent,
603 3385 725 3438 humeris
742 3402 796 3437 nen
813 3385 916 3436 insidet
934 3384 993 3436 alta

217 3451 324 3516 Cerrix,
345 3456 375 3502 at
393 3453 484 3518 spatio
505 3453 594 3518 surgit
611 3453 744 3504 distincta
762 3454 893 3504 modesto.
