2378 3810
129 152 172 218 98
211 127 213 131 ’
436 156 498 208 Lib.
516 156 568 207 111.
602 172 629 207 v.
650 157 793 208 rer-ara.

128 309 194 370 Rex
218 307 273 369 tibi
297 307 442 376 dissentit,
465 307 518 368 sed
540 309 653 386 virgine
677 308 784 386 dignus
808 327 851 381 es,
874 311 981 389 inquit,

56 410 64 424 ·
173 393 218 453 'Pu
242 393 339 461 cedes,
363 390 413 453 alii
438 391 641 471 belligerando
664 402 795 455 manent.

130 477 215 538 Hosti
237 496 289 537 rex
310 484 431 556 reputat
453 478 589 537 vitiosum
615 479 731 539 tradere
755 486 864 549 natam,

174 562 231 633 Qui
254 581 333 623 nune
355 570 401 622 est
424 560 526 625 hostis.
550 564 697 623 eraserit
719 562 770 622 ille
791 564 904 641 generi

131 647 163 707 Si
186 647 267 715 facis,
292 655 325 707 ut
348 646 440 708 Danai
463 645 623 715 discedant,
648 646 759 725 proelia
782 647 906 717 solvant,
1018 716 1020 719 .

173 731 279 792 Pacem
302 738 491 810 perpetuent,
514 748 579 791 rem
603 739 652 792 tua
676 738 741 793 vota
762 733 872 794 serent.

211 912 214 913 ν
246 876 422 932 ACHILLES
441 875 648 932 DISSUADET
666 877 812 934 POPULO
830 879 989 940 BELLUM.

133 983 249 1044 Pelides
271 982 382 1064 populo
407 983 443 1043 de
466 991 568 1044 eetero
590 982 668 1045 bella
691 984 842 1054 molestam

173 1067 313 1129 Nostrum
338 1075 464 1147 tempus,
491 1070 542 1137 ait,
566 1068 677 1148 absque
701 1071 801 1149 quiete
825 1080 915 1133 meat.

130 1153 283 1215 Interdum
307 1151 411 1230 vulgus
432 1159 548 1213 rentum
572 1152 659 1222 videt,
683 1171 753 1215 ecoe
776 1155 883 1217 videtis

174 1237 315 1299 Hostibus
338 1237 455 1298 assidue
477 1235 554 1298 lassa
577 1237 656 1317 quod
679 1257 731 1299 ora
755 1239 841 1303 datis.

132 1323 272 1401 Europae
296 1324 339 1383 vis
363 1329 392 1382 et
414 1321 499 1380 Asine
523 1319 729 1398 glomerantur
751 1326 782 1385 in
805 1343 896 1386 uuum

173 1405 357 1466 Alterutrum
381 1405 460 1466 diras
483 1405 667 1484 experiendo
690 1425 812 1478 manus;

131 1493 225 1561 lmmo
249 1508 318 1550 suas
341 1492 419 1550 vires
442 1496 519 1552 totas
541 1492 712 1569 expendere
736 1498 816 1554 totus

175 1575 307 1636 intendit
328 1575 466 1645 mundus,
490 1592 578 1640 nemo
601 1579 658 1637 seit
680 1577 758 1638 unde
780 1577 856 1638 loeo.

132 1661 191 1721 Sed
213 1658 319 1720 mulier
342 1659 404 1721 sola
427 1658 536 1720 lasciva
557 1661 674 1738 pudore
696 1660 802 1723 relieto

174 1742 255 1813 Quae
275 1744 363 1824 jacet,
387 1752 434 1806 est
455 1744 528 1805 tenti
550 1745 640 1806 noxia
662 1763 751 1806 eausa
775 1747 856 1808 mali.

131 1831 264 1909 inguinis
288 1837 317 1890 et
340 1831 455 1907 eapitis,
480 1846 555 1909 quae
577 1838 647 1890 sunt
669 1830 852 1901 discrimina,
876 1831 980 1901 nescit,

102 1940 107 1949 ¹
174 1916 309 1975 Attamen
333 1913 414 1976 orbis
437 1932 511 1984 eam,
535 1915 574 1974 sit
596 1915 680 1991 quasi
701 1924 813 1985 saneta,
837 1914 918 1977 nolit.
959 1952 970 1972 a

131 1999 197 2060 Non
221 1999 291 2058 colit
313 1998 396 2059 orbis
419 2006 493 2068 eam,
517 2016 594 2078 quae
615 2007 716 2077 spreta
739 2009 836 2061 morte
859 2001 988 2062 vicissim

175 2080 257 2142 lllius
280 2082 309 2141 in
331 2080 449 2142 laudem
473 2089 568 2142 uertat
588 2083 666 2143 inire
688 2086 814 2144 neeemi

133 2164 221 2244 Cujus
244 2167 274 2224 in
298 2166 444 2228 adulterio
466 2166 639 2228 famulantia
661 2176 771 2247 quanta
795 2168 962 2231 aederunt

175 2250 214 2311 Se
236 2268 340 2312 saevae
363 2253 455 2312 morti
477 2250 568 2312 millia
590 2260 699 2331 quauta
724 2252 850 2315 dabant?

131 2336 272 2397 Venimus
294 2335 352 2396 huc
375 2336 452 2406 ideo,
477 2339 586 2397 misere
609 2336 779 2398 moriamur
796 2346 829 2400 ut
851 2355 966 2407 omues,

173 2423 228 2481 Vix
251 2418 338 2482 tellus
361 2421 458 2499 ampla
481 2421 588 2483 lunera
610 2430 702 2497 strata
726 2425 815 2501 capit.

56 2512 67 2525 “
130 2507 250 2583 Pauper
273 2514 304 2565 ut
321 2506 375 2566 hio
397 2505 540 2584 Phrygias
562 2504 696 2583 implevit
718 2509 798 2568 natio
818 2509 923 2577 iussae,

173 2591 227 2649 Vix
250 2589 387 2650 Priamus
410 2592 486 2650 tanti
509 2588 629 2668 totdque
651 2589 741 2669 Troja
762 2591 828 2653 luit.

131 2671 268 2735 Erilione
291 2676 401 2752 premit
423 2692 479 2735 nos
501 2673 637 2735 [lardana
659 2675 747 2752 gleba
769 2676 929 2755 protervo?

174 2757 297 2818 Intravit
319 2767 437 2820 nostros
459 2758 586 2820 barbara
610 2760 697 2821 turba
720 2759 817 2823 lares?

131 2843 168 2904 Et
190 2844 297 2902 mirum
322 2843 400 2923 quod
426 2852 486 2905 tam
510 2845 647 2905 vilissima
670 2848 760 2906 traxit
782 2845 924 2906 honestos

175 2926 219 2988 Ad
241 2936 302 2988 tam
326 2928 481 2989 mortifera
505 2928 619 3008 proelia
643 2947 729 2991 eausa
752 2931 840 2991 viros.

133 3013 174 3081 Si,
199 3015 276 3073 sicut
298 3017 379 3092 cepit
401 3013 470 3075 belli
493 3014 588 3089 furor,
611 3017 777 3076 irrevocato

175 3097 271 3158 Cursu
295 3099 441 3168 saevierit,
466 3117 554 3160 nemo
577 3106 729 3178 superstes
751 3100 818 3160 erit.

37 3256 40 3261 Ι
131 3183 195 3243 lloo
218 3182 291 3242 socii
312 3181 447 3244 volumus
469 3185 592 3244 mactari
616 3190 749 3262 tempore
772 3183 901 3263 quanto?

173 3266 302 3327 Vulnera
325 3285 409 3328 saeva
432 3270 504 3348 pati,
529 3268 648 3328 tradere
670 3267 743 3329 colla
768 3268 855 3328 neni?

131 3352 178 3414 lle
201 3350 272 3413 belli
294 3352 375 3431 piget
397 3355 493 3422 istius,
518 3353 655 3414 desidero
677 3371 790 3433 paoem,

167 3435 243 3495 Cum
269 3435 350 3498 reiut
372 3437 411 3498 ob
435 3441 553 3518 nigram
576 3439 634 3500 sint
657 3457 691 3499 ea
713 3437 789 3498 bella
812 3436 921 3499 labam.
