2378 3810
155 147 218 214 146
474 151 535 206 Lao.
554 150 587 205 v.
614 166 640 202 v.
657 152 801 208 eat-462.

156 303 262 365 Rictus
285 322 344 364 non
367 305 446 363 risus
468 302 518 364 hie
541 321 627 372 unus,
651 302 791 381 nullaque
814 306 919 375 virtus;
1033 316 1039 325 ·

198 387 252 448 llic
274 405 327 448 sua
348 385 417 465 jura
440 387 515 448 calix
539 405 599 448 non
622 387 722 459 babet,
746 390 836 449 immo
859 388 989 470 chalybs.

157 471 319 552 'l'rajieitur
342 471 412 533 telis
436 471 482 531 his
504 471 604 533 caedis
626 490 737 550 corpus
759 474 852 534 acutis

198 557 326 617 Possent
347 556 403 617 bac
428 557 519 618 caede
543 556 638 618 taedia
662 574 767 635 magna
792 558 873 618 dare.

154 640 331 719 eonjugium
356 641 478 702 tandem
504 659 584 702 mors
607 642 671 720 eJns
693 640 753 702 illia
775 642 850 714 finit,
947 640 950 646 '
1079 657 1141 707 435

196 727 279 787 teria
304 725 406 806 Cocyti
430 727 554 805 spiritus
577 733 641 786 atra
663 725 752 787 subit.

152 810 209 870 llic
232 828 286 889 per
308 812 472 886 sanguinea
497 809 647 871 connubia
669 811 791 872 foedera
814 810 911 881 foeda,

195 893 285 954 Plena
310 892 507 955 cadaveribus
531 895 629 955 ornnia
652 912 742 956 cerne
765 894 839 956 loca.

151 978 267 1039 Lancea
292 997 346 1058 per
371 991 486 1058 pectus,
510 996 565 1057 per
588 977 672 1049 colla,
696 997 751 1059 per
773 979 821 1039 ilia
845 981 951 1051 currit,

193 1064 318 1123 Mortem
343 1066 525 1142 praecurrit,
548 1067 683 1142 protinus
706 1061 755 1125 illa
778 1062 869 1125 subit.
1076 1077 1137 1128 440

153 1148 340 1225 Sanguineas
363 1150 457 1209 vomit
478 1147 529 1209 ille
551 1146 664 1225 globos,
688 1149 769 1209 cadit
790 1148 865 1209 alter
887 1157 916 1209 et
937 1149 1035 1228 ipsam
1063 1198 1072 1217 .

197 1231 357 1310 Squalidus
380 1251 395 1294 a
421 1235 546 1313 proprio
570 1234 714 1309 sanguine
737 1232 856 1293 mordet
877 1231 1011 1295 humum.

151 1316 207 1379 llic
231 1314 326 1377 valida
350 1328 493 1377 currente
516 1334 570 1396 per
593 1335 684 1386 arma,
708 1335 763 1396 per
786 1336 851 1378 ossa
873 1319 980 1390 securi,

193 1400 319 1461 Labitur
341 1402 373 1460 in
396 1410 500 1478 partes
522 1419 581 1461 una
604 1402 697 1476 figura
721 1401 804 1462 duas.
887 1428 888 1432 ¹

151 1484 285 1563 Corpora
309 1486 503 1562 magnanimo
526 1487 598 1545 satis
620 1494 665 1546 est
686 1495 853 1565 prostrasse
876 1486 965 1562 leoni,
1079 1499 1135 1549 445

196 1568 263 1630 Non
286 1571 351 1629 istis
372 1576 517 1631 sternunt
539 1577 691 1650 strataque
714 1569 900 1632 confodiunt.

150 1654 207 1715 Hic
230 1653 340 1732 digitos
362 1662 452 1715 tenet
474 1654 510 1714 ad
535 1654 655 1715 oculum
679 1656 854 1735 quaeritque
877 1655 1021 1727 foramen,

194 1737 313 1800 Scindit
336 1738 363 1798 ei
386 1738 488 1799 medio
512 1748 646 1819 tempore
669 1757 774 1800 mucro
797 1757 928 1800 manum.

153 1822 186 1883 ln
210 1824 339 1883 irontern
365 1825 525 1884 morientis
547 1823 645 1885 adbuc
667 1822 764 1901 rigido
786 1824 861 1903 pede
884 1821 977 1885 calcat

192 1907 313 1988 Absque
338 1927 425 1968 mora
447 1912 583 1976 veniens,
607 1916 641 1968 ut
663 1910 815 1978 moriatur,
840 1925 944 1987 equus.
1078 1920 1136 1971 460

148 1991 202 2052 llle
226 1999 326 2072 strepa
351 1993 497 2070 rugientis
520 1993 589 2072 equi
611 2011 665 2072 per
688 1992 771 2053 (levia
795 1993 929 2072 pendens

193 2074 282 2137 tibae
304 2080 493 2155 sanguineos
515 2076 727 2138 excerebratus
750 2094 846 2154 agros.

150 2160 206 2221 Hic
230 2167 313 2221 caret
336 2161 478 2239 occipite,
503 2170 585 2222 caret
608 2160 658 2223 hic
680 2162 766 2240 pede,
791 2159 930 2222 eruribus
951 2158 1012 2242 ille,

192 2243 327 2305 Mortuus
351 2244 402 2304 hic
427 2242 533 2325 pulsat,
557 2245 608 2305 hic
629 2248 794 2306 moriturus
815 2245 888 2306 biat.
1177 2296 1180 2301 .

151 2329 295 2391 Vectores
317 2331 460 2410 rectique
482 2329 569 2390 simul
591 2348 645 2408 per
668 2328 802 2391 membra
825 2330 984 2398 vehuntur,
1080 2341 1135 2391 464

190 2415 310 2475 Mortua
333 2422 396 2476 tota
421 2413 523 2493 jacent
544 2414 649 2475 lunera
673 2424 763 2476 strata
787 2417 841 2476 via.

150 2496 281 2558 Vulnera
306 2499 373 2577 quis
398 2506 545 2568 numeret,
570 2502 635 2576 quis
658 2500 772 2568 lunera.
797 2501 900 2577 quisve
922 2496 1060 2569 dolores}

191 2583 297 2642 Mortis
320 2591 365 2643 tot
390 2586 508 2662 species
531 2583 664 2645 scribere
688 2600 776 2644 nemo
799 2590 906 2661 potest.

148 2666 302 2746 Compluit
324 2669 474 2728 immensa
498 2669 693 2748 cataclysmus
715 2670 870 2746 sanguinis
892 2684 961 2728 arva

190 2750 325 2829 Gurgitis
347 2753 447 2813 instar
470 2751 559 2812 babet
582 2754 666 2814 lusus
689 2754 830 2832 utrinque
852 2769 952 2814 cruor.
1079 2763 1137 2814 440

148 2839 264 2913 Agmen
288 2837 461 2913 virgineum
484 2844 579 2898 totum
601 2837 775 2917 perfuderat
797 2855 900 2915 agrurn

190 2920 343 2998 Sanguine
371 2929 431 2981 tam
455 2924 582 3000 patiens,
606 2940 695 3001 quam
718 2921 810 3000 ssagra
834 2921 939 2983 mortis
962 2934 1067 2996 agens.

142 3070 355 3084 σῃ*-

220 3157 283 3211 436.
302 3155 368 3208 eod.
388 3156 504 3207 cochlei.
573 3158 632 3208 455.
653 3157 763 3209 Gualtb.
782 3156 861 3210 Alex.
879 3156 912 3217 V,
931 3154 988 3206 161.
1008 3156 1043 3208 02

292 3289 294 3293 Ι
357 3250 390 3260 -
407 3250 442 3261 -
458 3250 492 3260 -
511 3225 629 3289 genibus
649 3225 775 3276 cecidere
794 3224 917 3276 remissis

258 3291 392 3343 Vectoree
409 3292 537 3357 vectique
556 3292 647 3342 simul.
