2378 3810
463 160 524 215 Lib.
543 159 580 214 Il.
615 175 641 210 v.
659 161 804 212 tot-494.

201 312 323 377 Consilii
345 330 448 374 causas
471 329 486 371 a
509 310 669 371 Palamede
691 311 783 372 datas.

156 400 212 460 Hic
234 396 366 468 latronis,
390 399 440 463 ait,
464 413 528 455 mos
551 403 580 456 et
602 393 733 456 sollertia
756 394 866 472 lurum,

200 483 295 545 Nocte
316 480 491 550 latrociniis,
515 487 602 539 nocte
624 497 729 540 vacare
752 479 837 540 dolis.

156 566 195 629 Ut
213 564 351 645 jugulent
373 564 519 633 homines,
543 572 671 641 surgunt
692 564 728 624 de
752 572 839 624 nocte
862 561 995 625 latrones
1069 574 1121 623 4⁷0

198 650 350 730 Turpibus
371 657 434 710 atra
458 647 521 709 lues
543 647 678 708 creditur
700 666 765 709 esse
788 647 859 708 dies.

156 734 278 796 Publica
299 749 359 796 non
382 732 494 794 audent
516 735 595 792 inter
617 739 808 793 monumenta
832 733 933 794 venire

199 818 285 881 Clara
307 835 367 879 non
388 818 502 878 luerint
523 834 600 896 quae
621 814 770 878 celebrata
793 817 850 877 die.

156 904 246 965 Facta
268 903 375 963 decent
397 900 553 962 manifesta
575 902 654 961 viros
677 903 795 979 aperire
817 902 962 980 proiecto,

198 988 236 1048 lli
260 986 371 1048 dehent
393 1002 500 1064 operas
522 1002 582 1045 non
606 986 724 1063 operire
747 1004 825 1046 suas.
1072 995 1123 1044 475

157 1072 281 1134 Noctem
303 1072 435 1151 peccatis
457 1077 487 1131 et
509 1069 663 1129 iraudlhus
685 1069 772 1130 obice
796 1069 915 1140 nubem,

201 1155 311 1216 Dicunt
332 1161 485 1236 patrantes
507 1152 582 1213 clam
605 1155 671 1213 sine
693 1160 769 1215 teste
791 1154 884 1215 nolas.

158 1239 219 1301 Nos
241 1238 352 1300 claram
375 1235 496 1316 Trojam
520 1236 602 1298 claro
623 1236 679 1298 sub
701 1238 765 1298 sole
786 1246 933 1318 petamus,

203 1324 305 1386 Noctis
327 1322 472 1384 militibus
494 1319 634 1384 nolumus
657 1339 721 1383 esse
744 1339 839 1400 pares.
1133 1383 1137 1390 ,

157 1407 237 1470 Utile
259 1407 415 1481 consilium
437 1404 604 1468 Palamedis
627 1423 694 1468 cum
718 1408 756 1467 sit
777 1406 945 1476 honestum,
1072 1415 1123 1464 480

200 1493 412 1554 incunctanter
434 1490 525 1552 habet
547 1493 654 1551 concio
676 1499 738 1551 tota
761 1500 869 1552 ratum.

229 1687 364 1744 GRAECI
381 1686 551 1743 VENIUNT
569 1685 619 1741 AD
637 1686 770 1742 iturus
789 1686 1044 1743 TROIANORUM.

102 1836 111 1860 s
156 1809 346 1872 Proclamant
366 1829 510 1891 proceres
532 1812 751 1887 Agamemnona
775 1808 873 1870 denuo
895 1827 1007 1888 regem,

200 1894 282 1955 Vivat
303 1912 367 1965 rex,
389 1895 482 1955 vivat:
506 1895 589 1955 ouria
612 1900 672 1954 tota
695 1900 790 1954 sonat.

159 1979 289 2059 imperat
310 1979 413 2040 accitis
435 1977 644 2057 praeconibus,
668 1986 702 2038 ut
723 1977 812 2038 simul
835 1995 939 2039 omnes

202 2064 347 2143 lncipiant
368 2065 455 2140 signo
476 2061 540 2123 vela
562 2061 661 2122 levare
684 2063 762 2124 dato.
1072 2071 1123 2122 486

157 2149 287 2228 imperio
308 2147 379 2222 laeti
402 2153 517 2226 parent,
541 2165 576 2208 ac
595 2146 675 2227 jussa
698 2147 850 2208 lacessunt

201 2233 343 2311 Quaeque
364 2229 488 2292 levanda
510 2231 618 2300 levant,
641 2248 778 2310 quaeque
800 2231 930 2310 paranda
952 2240 1070 2310 parant.

156 2316 190 2377 ln
211 2315 324 2376 bellum
346 2314 440 2377 latura
464 2314 549 2376 cibos
570 2314 711 2394 Telephia
734 2333 827 2394 regna

201 2400 294 2461 lntrat
315 2399 437 2461 honesta
461 2401 533 2460 viris
556 2417 628 2477 rege
649 2398 765 2459 volente
787 2400 869 2460 ratis.

157 2486 260 2546 Annus
283 2484 346 2545 abit
367 2483 537 2563 placitaque
560 2491 680 2545 movent
701 2481 821 2562 spiralla
845 2489 964 2544 ventum
1072 2492 1125 2542 490

200 2568 243 2630 Ad
266 2586 348 2630 mare
371 2577 501 2630 maturat
523 2571 635 2629 Graeca
655 2566 775 2647 juventa
798 2567 934 2645 gradum,

157 2653 195 2714 m
216 2655 302 2731 signo
323 2654 402 2714 lacto
424 2654 503 2714 redit
524 2671 643 2722 ancora,
667 2652 790 2713 carbasa
812 2659 949 2730 surgunt,

201 2741 362 2803 Antemnae
384 2737 536 2807 adhibent,
560 2736 622 2797 vela
645 2736 775 2816 repanda
798 2744 911 2815 patent.

159 2823 225 2884 lam
249 2839 332 2883 mare
355 2820 485 2882 velivolis
507 2820 567 2883 late
590 2824 759 2882 contexitur
781 2821 836 2882 alis

224 3058 283 3110 tos.
302 3054 424 3107 Gualter.
441 3055 591 3108 Alexandr.
610 3055 657 3118 lv,
676 3058 727 3108 353

259 3125 314 3175 Hic
331 3122 449 3174 latronis
468 3125 509 3173 ait
526 3138 593 3186 mos,
612 3123 682 3174 haec
698 3123 815 3174 solertis
833 3123 932 3173 furum.

155 3196 217 3248 469.
234 3192 390 3243 latrociniis
409 3206 425 3241 e
442 3191 567 3256 margine
585 3205 635 3255 pro
653 3190 784 3244 latrociis.
803 3188 896 3241 Guelt.
913 3188 991 3241 Alex.
1006 3189 1053 3252 IV,
1065 3190 1125 3240 aot.

260 3261 371 3311 Summo
387 3273 488 3309 nocere
506 3258 579 3309 dolis
598 3262 627 3307 et
645 3258 744 3309 fallere
761 3257 859 3308 fraude
878 3257 984 3313 latenti.

155 3326 346 3382 memorant
365 3329 407 3376 est
424 3325 542 3391 Epistol.
561 3325 584 3389 1,
603 3329 628 3389 2,
646 3327 689 3376 32.
756 3327 816 3375 tta.
835 3324 929 3377 Ovidii
946 3329 990 3375 est
1000 3325 1032 3375 Ε.
1045 3325 1126 3375 Pont.

157 3397 181 3462 1,
200 3397 225 3459 i,
243 3396 268 3445 ὃ.
335 3395 394 3449 476.
416 3393 531 3445 Horatii
547 3398 590 3443 est
608 3393 701 3458 Epist.
719 3392 741 3453 1,
760 3394 801 3455 ill,
820 3393 862 3442 62.
930 3392 990 3442 484.
1011 3405 1125 3456 praeeo·

156 3464 240 3515 nibus
256 3476 307 3527 pro
326 3460 521 3525 ,‚pooortbus“,
588 3462 648 3512 486.
671 3459 786 3526 Virgilii
804 3466 847 3511 est
869 3461 940 3512 Aen.
954 3460 1009 3522 tv„
1021 3459 1087 3510 aas.
