<?xml version="1.0" encoding="UTF-8"?>
<!DOCTYPE html PUBLIC "-//W3C//DTD XHTML 1.0 Transitional//EN"
    "http://www.w3.org/TR/xhtml1/DTD/xhtml1-transitional.dtd">
<html xmlns="http://www.w3.org/1999/xhtml" xml:lang="en" lang="en">
 <head>
  <title>
</title>
<meta http-equiv="Content-Type" content="text/html;charset=utf-8" />
  <meta name='ocr-system' content='tesseract 3.04.00' />
  <meta name='ocr-capabilities' content='ocr_page ocr_carea ocr_par ocr_line ocrx_word'/>
</head>
<body>
  <div class='ocr_page' id='page_1' title='image "./troilus00hildgoog_0164.png"; bbox 0 0 2378 3810; ppageno 0'>
   <div class='ocr_carea' id='block_1_1' title="bbox 401 181 1048 247">
    <p class='ocr_par' dir='ltr' id='par_1_1' title="bbox 401 181 1048 247">
     <span class='ocr_line' id='line_1_1' title="bbox 401 181 1048 247; baseline 0.026 -17"><span class='ocrx_word' id='word_1_1' title='bbox 401 181 463 232; x_wconf 76' lang='lat' dir='ltr'><strong>Lau.</strong></span> <span class='ocrx_word' id='word_1_2' title='bbox 482 184 513 231; x_wconf 76' lang='lat' dir='ltr'><strong>e.</strong></span> <span class='ocrx_word' id='word_1_3' title='bbox 542 197 568 233; x_wconf 87' lang='lat' dir='ltr'><strong>v.</strong></span> <span class='ocrx_word' id='word_1_4' title='bbox 587 184 729 234; x_wconf 74' lang='grc' dir='ltr'>ιιι-ιιι.</span> <span class='ocrx_word' id='word_1_5' title='bbox 988 182 1048 247; x_wconf 87' lang='lat'><strong>139</strong></span> 
     </span>
    </p>
   </div>
   <div class='ocr_carea' id='block_1_2' title="bbox 79 331 1048 1239">
    <p class='ocr_par' dir='ltr' id='par_1_2' title="bbox 79 331 1048 1235">
     <span class='ocr_line' id='line_1_2' title="bbox 123 331 811 410; baseline 0 -15"><span class='ocrx_word' id='word_1_6' title='bbox 123 333 225 395; x_wconf 82' lang='lat' dir='ltr'><strong>Celent</strong></span> <span class='ocrx_word' id='word_1_7' title='bbox 247 333 420 394; x_wconf 88' lang='lat' dir='ltr'><strong>aethereum</strong></span> <span class='ocrx_word' id='word_1_8' title='bbox 444 331 555 410; x_wconf 90' lang='lat' dir='ltr'><strong>spicula</strong></span> <span class='ocrx_word' id='word_1_9' title='bbox 579 333 669 394; x_wconf 91' lang='lat' dir='ltr'><strong>densa</strong></span> <span class='ocrx_word' id='word_1_10' title='bbox 692 351 811 410; x_wconf 91' lang='lat' dir='ltr'><strong>rogum.</strong></span> 
     </span>
     <span class='ocr_line' id='line_1_3' title="bbox 80 414 1047 496; baseline 0.001 -20"><span class='ocrx_word' id='word_1_11' title='bbox 80 416 294 496; x_wconf 81' lang='lat' dir='ltr'>Quadrupedes</span> <span class='ocrx_word' id='word_1_12' title='bbox 316 414 427 477; x_wconf 83' lang='lat' dir='ltr'><strong>lulvum</strong></span> <span class='ocrx_word' id='word_1_13' title='bbox 450 416 593 478; x_wconf 88' lang='lat' dir='ltr'><strong>mandunt</strong></span> <span class='ocrx_word' id='word_1_14' title='bbox 616 416 671 477; x_wconf 93' lang='lat' dir='ltr'><strong>sub</strong></span> <span class='ocrx_word' id='word_1_15' title='bbox 694 418 834 478; x_wconf 78' lang='lat' dir='ltr'><strong>dentibus</strong></span> <span class='ocrx_word' id='word_1_16' title='bbox 857 437 963 481; x_wconf 89' lang='lat' dir='ltr'><strong>aurum</strong></span> <span class='ocrx_word' id='word_1_17' title='bbox 997 429 1047 478; x_wconf 82' lang='lat'><strong>225</strong></span> 
     </span>
     <span class='ocr_line' id='line_1_4' title="bbox 123 500 821 580; baseline 0.001 -19"><span class='ocrx_word' id='word_1_18' title='bbox 123 502 160 561; x_wconf 88' lang='lat' dir='ltr'><strong>Et</strong></span> <span class='ocrx_word' id='word_1_19' title='bbox 182 509 305 562; x_wconf 88' lang='lat' dir='ltr'><strong>verrunt</strong></span> <span class='ocrx_word' id='word_1_20' title='bbox 326 500 452 580; x_wconf 87' lang='lat' dir='ltr'><strong>pedibus</strong></span> <span class='ocrx_word' id='word_1_21' title='bbox 474 502 664 580; x_wconf 74' lang='lat' dir='ltr'><strong>impatienter</strong></span> <span class='ocrx_word' id='word_1_22' title='bbox 685 501 821 576; x_wconf 86' lang='lat' dir='ltr'><strong>humum,</strong></span> 
     </span>
     <span class='ocr_line' id='line_1_5' title="bbox 80 585 840 662; baseline 0.001 -16"><span class='ocrx_word' id='word_1_23' title='bbox 80 586 251 646; x_wconf 82' lang='lat' dir='ltr'><strong>horrisonis</strong></span> <span class='ocrx_word' id='word_1_24' title='bbox 274 602 379 646; x_wconf 86' lang='lat' dir='ltr'><strong>vacuas</strong></span> <span class='ocrx_word' id='word_1_25' title='bbox 401 585 526 662; x_wconf 88' lang='lat' dir='ltr'><strong>implent</strong></span> <span class='ocrx_word' id='word_1_26' title='bbox 548 585 715 646; x_wconf 82' lang='lat' dir='ltr'><strong>hinnitibus</strong></span> <span class='ocrx_word' id='word_1_27' title='bbox 737 605 840 657; x_wconf 90' lang='lat' dir='ltr'><strong>auras;</strong></span> 
     </span>
     <span class='ocr_line' id='line_1_6' title="bbox 123 668 800 748; baseline 0 -18"><span class='ocrx_word' id='word_1_28' title='bbox 123 670 275 748; x_wconf 86' lang='lat' dir='ltr'>Tanquam</span> <span class='ocrx_word' id='word_1_29' title='bbox 300 669 477 748; x_wconf 80' lang='lat' dir='ltr'><strong>cornipedes</strong></span> <span class='ocrx_word' id='word_1_30' title='bbox 498 668 574 729; x_wconf 89' lang='lat' dir='ltr'><strong>bella</strong></span> <span class='ocrx_word' id='word_1_31' title='bbox 599 671 681 730; x_wconf 89' lang='lat' dir='ltr'><strong>sitire</strong></span> <span class='ocrx_word' id='word_1_32' title='bbox 703 678 800 748; x_wconf 90' lang='lat' dir='ltr'><strong>putes.</strong></span> 
     </span>
     <span class='ocr_line' id='line_1_7' title="bbox 80 752 946 836; baseline 0.005 -27"><span class='ocrx_word' id='word_1_33' title='bbox 80 752 149 812; x_wconf 86' lang='lat' dir='ltr'><strong>Vela</strong></span> <span class='ocrx_word' id='word_1_34' title='bbox 173 753 280 825; x_wconf 87' lang='lat' dir='ltr'><strong>levant,</strong></span> <span class='ocrx_word' id='word_1_35' title='bbox 304 753 434 830; x_wconf 80' lang='lat' dir='ltr'><strong>aquilas:</strong></span> <span class='ocrx_word' id='word_1_36' title='bbox 458 754 569 820; x_wconf 69' lang='lat' dir='ltr'><strong>cristan</strong></span> <span class='ocrx_word' id='word_1_37' title='bbox 589 756 687 836; x_wconf 89' lang='lat' dir='ltr'><strong>quatit</strong></span> <span class='ocrx_word' id='word_1_38' title='bbox 711 773 782 814; x_wconf 92' lang='lat' dir='ltr'><strong>aura</strong></span> <span class='ocrx_word' id='word_1_39' title='bbox 805 753 946 823; x_wconf 85' lang='lat' dir='ltr'><strong>volantes,</strong></span> 
     </span>
     <span class='ocr_line' id='line_1_8' title="bbox 123 836 1048 918; baseline -0.003 -20"><span class='ocrx_word' id='word_1_40' title='bbox 123 838 178 898; x_wconf 88' lang='lat' dir='ltr'><strong>llic</strong></span> <span class='ocrx_word' id='word_1_41' title='bbox 202 840 301 900; x_wconf 87' lang='lat' dir='ltr'><strong>videas</strong></span> <span class='ocrx_word' id='word_1_42' title='bbox 323 836 463 918; x_wconf 77' lang='lat' dir='ltr'><strong>gryphes,</strong></span> <span class='ocrx_word' id='word_1_43' title='bbox 487 837 535 897; x_wconf 93' lang='lat' dir='ltr'><strong>hic</strong></span> <span class='ocrx_word' id='word_1_44' title='bbox 557 837 682 898; x_wconf 86' lang='lat' dir='ltr'><strong>volitare</strong></span> <span class='ocrx_word' id='word_1_45' title='bbox 706 856 806 915; x_wconf 87' lang='lat' dir='ltr'><strong>grues.</strong></span> <span class='ocrx_word' id='word_1_46' title='bbox 997 842 1048 896; x_wconf 83' lang='lat'>2&#39;30</span> 
     </span>
     <span class='ocr_line' id='line_1_9' title="bbox 80 921 836 1001; baseline 0 -19"><span class='ocrx_word' id='word_1_47' title='bbox 80 923 118 982; x_wconf 90' lang='lat' dir='ltr'><strong>Se</strong></span> <span class='ocrx_word' id='word_1_48' title='bbox 141 923 262 1001; x_wconf 88' lang='lat' dir='ltr'><strong>rapiunt</strong></span> <span class='ocrx_word' id='word_1_49' title='bbox 284 923 371 998; x_wconf 90' lang='lat' dir='ltr'><strong>acies,</strong></span> <span class='ocrx_word' id='word_1_50' title='bbox 395 921 581 982; x_wconf 89' lang='lat' dir='ltr'><strong>contundunt</strong></span> <span class='ocrx_word' id='word_1_51' title='bbox 604 923 726 982; x_wconf 88' lang='lat' dir='ltr'><strong>ensibus</strong></span> <span class='ocrx_word' id='word_1_52' title='bbox 750 940 836 982; x_wconf 86' lang='lat' dir='ltr'><strong>enses</strong></span> 
     </span>
     <span class='ocr_line' id='line_1_10' title="bbox 122 1004 738 1084; baseline 0.002 -19"><span class='ocrx_word' id='word_1_53' title='bbox 122 1005 173 1066; x_wconf 96' lang='lat' dir='ltr'><strong>llia</strong></span> <span class='ocrx_word' id='word_1_54' title='bbox 196 1007 346 1084; x_wconf 79' lang='lat' dir='ltr'><strong>percurrit</strong></span> <span class='ocrx_word' id='word_1_55' title='bbox 367 1005 479 1072; x_wconf 86' lang='lat' dir='ltr'><strong>lancea,</strong></span> <span class='ocrx_word' id='word_1_56' title='bbox 504 1023 607 1064; x_wconf 91' lang='lat' dir='ltr'><strong>mucro</strong></span> <span class='ocrx_word' id='word_1_57' title='bbox 630 1004 738 1083; x_wconf 91' lang='lat' dir='ltr'><strong>gulam</strong></span> 
     </span>
     <span class='ocr_line' id='line_1_11' title="bbox 79 1087 859 1159; baseline 0.001 -10"><span class='ocrx_word' id='word_1_58' title='bbox 79 1090 121 1149; x_wconf 82' lang='lat' dir='ltr'><strong>Ex</strong></span> <span class='ocrx_word' id='word_1_59' title='bbox 146 1106 273 1149; x_wconf 91' lang='lat' dir='ltr'><strong>renum</strong></span> <span class='ocrx_word' id='word_1_60' title='bbox 297 1106 405 1148; x_wconf 91' lang='lat' dir='ltr'><strong>nomen</strong></span> <span class='ocrx_word' id='word_1_61' title='bbox 430 1088 538 1149; x_wconf 89' lang='lat' dir='ltr'><strong>habeat</strong></span> <span class='ocrx_word' id='word_1_62' title='bbox 560 1087 604 1147; x_wconf 90' lang='lat' dir='ltr'><strong>vel</strong></span> <span class='ocrx_word' id='word_1_63' title='bbox 627 1100 711 1150; x_wconf 88' lang='lat' dir='ltr'><strong>acuta</strong></span> <span class='ocrx_word' id='word_1_64' title='bbox 735 1092 859 1159; x_wconf 88' lang='lat' dir='ltr'><strong>securis,</strong></span> 
     </span>
     <span class='ocr_line' id='line_1_12' title="bbox 126 1171 789 1239; baseline 0.005 -7"><span class='ocrx_word' id='word_1_65' title='bbox 126 1174 147 1232; x_wconf 88' lang='grc' dir='ltr'>Α</span> <span class='ocrx_word' id='word_1_66' title='bbox 170 1190 240 1232; x_wconf 90' lang='lat' dir='ltr'><strong>seco</strong></span> <span class='ocrx_word' id='word_1_67' title='bbox 261 1171 431 1239; x_wconf 87' lang='lat' dir='ltr'><strong>descendat,</strong></span> <span class='ocrx_word' id='word_1_68' title='bbox 455 1190 520 1232; x_wconf 90' lang='lat' dir='ltr'><strong>ossa</strong></span> <span class='ocrx_word' id='word_1_69' title='bbox 544 1181 676 1234; x_wconf 88' lang='lat' dir='ltr'><strong>trecenta</strong></span> <span class='ocrx_word' id='word_1_70' title='bbox 700 1183 789 1235; x_wconf 89' lang='lat' dir='ltr'><strong>secat</strong></span> 
     </span>
    </p>
   </div>
   <div class='ocr_carea' id='block_1_3' title="bbox 80 1255 1153 1325">
    <p class='ocr_par' dir='ltr' id='par_1_3' title="bbox 80 1255 1153 1325">
     <span class='ocr_line' id='line_1_13' title="bbox 80 1255 1153 1325; baseline 0 -9"><span class='ocrx_word' id='word_1_71' title='bbox 80 1263 117 1316; x_wconf 78' lang='lat' dir='ltr'><strong>ht</strong></span> <span class='ocrx_word' id='word_1_72' title='bbox 139 1255 251 1316; x_wconf 89' lang='lat' dir='ltr'><strong>medias</strong></span> <span class='ocrx_word' id='word_1_73' title='bbox 274 1259 354 1318; x_wconf 89' lang='lat' dir='ltr'><strong>inter</strong></span> <span class='ocrx_word' id='word_1_74' title='bbox 376 1257 454 1316; x_wconf 90' lang='lat' dir='ltr'><strong>acies</strong></span> <span class='ocrx_word' id='word_1_75' title='bbox 476 1255 588 1317; x_wconf 84' lang='lat' dir='ltr'><strong>exultat</strong></span> <span class='ocrx_word' id='word_1_76' title='bbox 608 1259 748 1325; x_wconf 74' lang='lat' dir='ltr'><strong>Amazon,</strong></span> <span class='ocrx_word' id='word_1_77' title='bbox 994 1267 1046 1316; x_wconf 80' lang='lat'><strong>235</strong></span> <span class='ocrx_word' id='word_1_78' title='bbox 1149 1271 1153 1284; x_wconf 90' lang='grc'><strong>’</strong></span> 
     </span>
    </p>
   </div>
   <div class='ocr_carea' id='block_1_4' title="bbox 79 1339 1047 2260">
    <p class='ocr_par' dir='ltr' id='par_1_4' title="bbox 79 1339 1047 2260">
     <span class='ocr_line' id='line_1_14' title="bbox 125 1339 764 1418; baseline 0.005 -19"><span class='ocrx_word' id='word_1_79' title='bbox 125 1340 273 1418; x_wconf 78' lang='lat' dir='ltr'><strong>Accipiter</strong></span> <span class='ocrx_word' id='word_1_80' title='bbox 295 1339 409 1400; x_wconf 89' lang='lat' dir='ltr'><strong>medias</strong></span> <span class='ocrx_word' id='word_1_81' title='bbox 433 1347 465 1399; x_wconf 89' lang='lat' dir='ltr'><strong>ut</strong></span> <span class='ocrx_word' id='word_1_82' title='bbox 485 1341 564 1401; x_wconf 85' lang='lat' dir='ltr'><strong>volat</strong></span> <span class='ocrx_word' id='word_1_83' title='bbox 585 1341 663 1401; x_wconf 90' lang='lat' dir='ltr'><strong>inter</strong></span> <span class='ocrx_word' id='word_1_84' title='bbox 686 1360 764 1402; x_wconf 69' lang='lat' dir='ltr'><strong>aves,</strong></span> 
     </span>
     <span class='ocr_line' id='line_1_15' title="bbox 82 1422 878 1505; baseline 0.001 -20"><span class='ocrx_word' id='word_1_85' title='bbox 82 1422 190 1502; x_wconf 82' lang='lat' dir='ltr'><strong>llejicit</strong></span> <span class='ocrx_word' id='word_1_86' title='bbox 210 1424 259 1484; x_wconf 92' lang='lat' dir='ltr'><strong>hic</strong></span> <span class='ocrx_word' id='word_1_87' title='bbox 281 1427 376 1502; x_wconf 79' lang='lat' dir='ltr'><strong>Argos</strong></span> <span class='ocrx_word' id='word_1_88' title='bbox 400 1431 428 1485; x_wconf 89' lang='lat' dir='ltr'><strong>et</strong></span> <span class='ocrx_word' id='word_1_89' title='bbox 451 1427 596 1503; x_wconf 87' lang='lat' dir='ltr'><strong>sanguine</strong></span> <span class='ocrx_word' id='word_1_90' title='bbox 619 1425 760 1505; x_wconf 80' lang='lat' dir='ltr'><strong>compluit</strong></span> <span class='ocrx_word' id='word_1_91' title='bbox 782 1443 878 1504; x_wconf 84' lang='lat' dir='ltr'><strong>agros,</strong></span> 
     </span>
     <span class='ocr_line' id='line_1_16' title="bbox 123 1507 772 1587; baseline 0.003 -19"><span class='ocrx_word' id='word_1_92' title='bbox 123 1507 251 1569; x_wconf 76' lang='lat' dir='ltr'><strong>Ensibus</strong></span> <span class='ocrx_word' id='word_1_93' title='bbox 273 1507 441 1569; x_wconf 89' lang='lat' dir='ltr'><strong>obstructas</strong></span> <span class='ocrx_word' id='word_1_94' title='bbox 463 1510 585 1587; x_wconf 88' lang='lat' dir='ltr'><strong>ampliat</strong></span> <span class='ocrx_word' id='word_1_95' title='bbox 607 1529 677 1571; x_wconf 89' lang='lat' dir='ltr'><strong>ense</strong></span> <span class='ocrx_word' id='word_1_96' title='bbox 701 1512 772 1570; x_wconf 86' lang='lat' dir='ltr'><strong>vias.</strong></span> 
     </span>
     <span class='ocr_line' id='line_1_17' title="bbox 79 1592 768 1673; baseline 0.009 -21"><span class='ocrx_word' id='word_1_97' title='bbox 79 1593 193 1670; x_wconf 76' lang='lat' dir='ltr'><strong>Aspera</strong></span> <span class='ocrx_word' id='word_1_98' title='bbox 216 1593 333 1654; x_wconf 84' lang='lat' dir='ltr'><strong>duravit</strong></span> <span class='ocrx_word' id='word_1_99' title='bbox 351 1592 510 1672; x_wconf 89' lang='lat' dir='ltr'><strong>aliquantis</strong></span> <span class='ocrx_word' id='word_1_100' title='bbox 532 1612 631 1673; x_wconf 88' lang='lat' dir='ltr'><strong>pugna</strong></span> <span class='ocrx_word' id='word_1_101' title='bbox 654 1593 768 1658; x_wconf 84' lang='lat' dir='ltr'><strong>diebus.</strong></span> 
     </span>
     <span class='ocr_line' id='line_1_18' title="bbox 126 1677 766 1756; baseline 0 -19"><span class='ocrx_word' id='word_1_102' title='bbox 126 1678 161 1737; x_wconf 84' lang='lat' dir='ltr'><strong>Et</strong></span> <span class='ocrx_word' id='word_1_103' title='bbox 183 1677 287 1755; x_wconf 89' lang='lat' dir='ltr'><strong>plures</strong></span> <span class='ocrx_word' id='word_1_104' title='bbox 310 1679 399 1736; x_wconf 85' lang='lat' dir='ltr'><strong>morti</strong></span> <span class='ocrx_word' id='word_1_105' title='bbox 421 1685 491 1737; x_wconf 91' lang='lat' dir='ltr'><strong>sunt</strong></span> <span class='ocrx_word' id='word_1_106' title='bbox 512 1677 671 1756; x_wconf 87' lang='lat' dir='ltr'><strong>utrobique</strong></span> <span class='ocrx_word' id='word_1_107' title='bbox 695 1678 766 1737; x_wconf 89' lang='lat' dir='ltr'><strong>dati.</strong></span> 
     </span>
     <span class='ocr_line' id='line_1_19' title="bbox 82 1761 795 1836; baseline -0.003 -16"><span class='ocrx_word' id='word_1_108' title='bbox 82 1761 265 1822; x_wconf 81' lang='lat' dir='ltr'><strong>Penthesilea</strong></span> <span class='ocrx_word' id='word_1_109' title='bbox 290 1761 352 1820; x_wconf 88' lang='lat' dir='ltr'><strong>dies</strong></span> <span class='ocrx_word' id='word_1_110' title='bbox 375 1763 405 1820; x_wconf 94' lang='lat' dir='ltr'><strong>in</strong></span> <span class='ocrx_word' id='word_1_111' title='bbox 429 1776 527 1836; x_wconf 84' lang='lat' dir='ltr'><strong>pugna</strong></span> <span class='ocrx_word' id='word_1_112' title='bbox 550 1761 668 1821; x_wconf 84' lang='lat' dir='ltr'><strong>coniicit</strong></span> <span class='ocrx_word' id='word_1_113' title='bbox 691 1778 795 1820; x_wconf 90' lang='lat' dir='ltr'><strong>omnes</strong></span> 
     </span>
     <span class='ocr_line' id='line_1_20' title="bbox 122 1844 815 1921; baseline -0.003 -17"><span class='ocrx_word' id='word_1_114' title='bbox 122 1844 159 1904; x_wconf 85' lang='lat' dir='ltr'><strong>Et</strong></span> <span class='ocrx_word' id='word_1_115' title='bbox 181 1844 300 1905; x_wconf 93' lang='lat' dir='ltr'><strong>demum</strong></span> <span class='ocrx_word' id='word_1_116' title='bbox 324 1844 454 1904; x_wconf 89' lang='lat' dir='ltr'><strong>Graecos</strong></span> <span class='ocrx_word' id='word_1_117' title='bbox 476 1847 507 1903; x_wconf 91' lang='lat' dir='ltr'><strong>in</strong></span> <span class='ocrx_word' id='word_1_118' title='bbox 530 1862 581 1905; x_wconf 93' lang='lat' dir='ltr'><strong>sua</strong></span> <span class='ocrx_word' id='word_1_119' title='bbox 605 1856 700 1905; x_wconf 89' lang='lat' dir='ltr'><strong>castra</strong></span> <span class='ocrx_word' id='word_1_120' title='bbox 723 1844 815 1921; x_wconf 84' lang='lat' dir='ltr'><strong>lugat.</strong></span> 
     </span>
     <span class='ocr_line' id='line_1_21' title="bbox 80 1928 837 2005; baseline -0.004 -16"><span class='ocrx_word' id='word_1_121' title='bbox 80 1929 116 1989; x_wconf 87' lang='lat' dir='ltr'><strong>Et</strong></span> <span class='ocrx_word' id='word_1_122' title='bbox 139 1930 197 1989; x_wconf 90' lang='lat' dir='ltr'><strong>nisi</strong></span> <span class='ocrx_word' id='word_1_123' title='bbox 219 1930 428 2005; x_wconf 78' lang='lat' dir='ltr'><strong>magnanimus</strong></span> <span class='ocrx_word' id='word_1_124' title='bbox 451 1928 608 1989; x_wconf 83' lang='lat' dir='ltr'><strong>Diomedes</strong></span> <span class='ocrx_word' id='word_1_125' title='bbox 630 1928 734 1989; x_wconf 88' lang='lat' dir='ltr'><strong>obvius</strong></span> <span class='ocrx_word' id='word_1_126' title='bbox 756 1931 837 1996; x_wconf 84' lang='lat' dir='ltr'><strong>isset,</strong></span> 
     </span>
     <span class='ocr_line' id='line_1_22' title="bbox 122 2011 759 2074; baseline 0 -2"><span class='ocrx_word' id='word_1_127' title='bbox 122 2012 251 2073; x_wconf 87' lang='lat' dir='ltr'><strong>Navibus</strong></span> <span class='ocrx_word' id='word_1_128' title='bbox 274 2020 304 2072; x_wconf 92' lang='lat' dir='ltr'><strong>et</strong></span> <span class='ocrx_word' id='word_1_129' title='bbox 325 2014 431 2072; x_wconf 88' lang='lat' dir='ltr'><strong>castris</strong></span> <span class='ocrx_word' id='word_1_130' title='bbox 452 2011 555 2073; x_wconf 90' lang='lat' dir='ltr'><strong>ultima</strong></span> <span class='ocrx_word' id='word_1_131' title='bbox 580 2012 650 2074; x_wconf 93' lang='lat' dir='ltr'><strong>luna</strong></span> <span class='ocrx_word' id='word_1_132' title='bbox 672 2013 759 2073; x_wconf 88' lang='lat' dir='ltr'><strong>ioret.</strong></span> 
     </span>
     <span class='ocr_line' id='line_1_23' title="bbox 79 2095 1047 2177; baseline -0.003 -21"><span class='ocrx_word' id='word_1_133' title='bbox 79 2097 201 2157; x_wconf 87' lang='lat' dir='ltr'><strong>involvit</strong></span> <span class='ocrx_word' id='word_1_134' title='bbox 224 2095 367 2157; x_wconf 90' lang='lat' dir='ltr'><strong>mundum</strong></span> <span class='ocrx_word' id='word_1_135' title='bbox 390 2115 448 2156; x_wconf 83' lang='lat' dir='ltr'><strong>nox</strong></span> <span class='ocrx_word' id='word_1_136' title='bbox 472 2096 604 2167; x_wconf 83' lang='lat' dir='ltr'><strong>humida,</strong></span> <span class='ocrx_word' id='word_1_137' title='bbox 628 2114 727 2177; x_wconf 90' lang='lat' dir='ltr'><strong>pugna</strong></span> <span class='ocrx_word' id='word_1_138' title='bbox 750 2098 888 2176; x_wconf 87' lang='lat' dir='ltr'><strong>quiescit,</strong></span> <span class='ocrx_word' id='word_1_139' title='bbox 997 2105 1047 2154; x_wconf 74' lang='lat' dir='ltr'><strong>eto</strong></span> 
     </span>
     <span class='ocr_line' id='line_1_24' title="bbox 122 2180 867 2260; baseline 0.003 -20"><span class='ocrx_word' id='word_1_140' title='bbox 122 2180 265 2258; x_wconf 89' lang='lat' dir='ltr'><strong>Pergama</strong></span> <span class='ocrx_word' id='word_1_141' title='bbox 288 2200 355 2241; x_wconf 92' lang='lat' dir='ltr'><strong>cum</strong></span> <span class='ocrx_word' id='word_1_142' title='bbox 378 2180 546 2260; x_wconf 80' lang='lat' dir='ltr'><strong>Phrygibus</strong></span> <span class='ocrx_word' id='word_1_143' title='bbox 569 2180 754 2242; x_wconf 85' lang='lat' dir='ltr'><strong>Penthesilea</strong></span> <span class='ocrx_word' id='word_1_144' title='bbox 778 2181 867 2243; x_wconf 91' lang='lat' dir='ltr'><strong>subit.</strong></span> 
     </span>
    </p>
   </div>
   <div class='ocr_carea' id='block_1_5' title="bbox 226 2342 799 2414">
    <p class='ocr_par' dir='ltr' id='par_1_5' title="bbox 226 2342 799 2414">
     <span class='ocr_line' id='line_1_25' title="bbox 226 2342 799 2414; baseline -0.002 -17"><span class='ocrx_word' id='word_1_145' title='bbox 226 2406 229 2410; x_wconf 12' lang='lat' dir='ltr'><em>A</em></span> <span class='ocrx_word' id='word_1_146' title='bbox 333 2343 485 2414; x_wconf 74' lang='lat' dir='ltr'><strong>[essem</strong></span> <span class='ocrx_word' id='word_1_147' title='bbox 502 2342 799 2413; x_wconf 62' lang='lat' dir='ltr'><strong>succentriones</strong></span> 
     </span>
    </p>
   </div>
   <div class='ocr_carea' id='block_1_6' title="bbox 79 2446 1048 3031">
    <p class='ocr_par' dir='ltr' id='par_1_6' title="bbox 79 2446 1048 3031">
     <span class='ocr_line' id='line_1_26' title="bbox 79 2446 707 2526; baseline -0.003 -17"><span class='ocrx_word' id='word_1_148' title='bbox 79 2448 131 2509; x_wconf 83' lang='lat' dir='ltr'><strong>hla</strong></span> <span class='ocrx_word' id='word_1_149' title='bbox 155 2446 297 2526; x_wconf 87' lang='lat' dir='ltr'><strong>puellaris</strong></span> <span class='ocrx_word' id='word_1_150' title='bbox 320 2447 425 2508; x_wconf 90' lang='lat' dir='ltr'><strong>mediis</strong></span> <span class='ocrx_word' id='word_1_151' title='bbox 446 2449 577 2526; x_wconf 90' lang='lat' dir='ltr'><strong>inprime</strong></span> <span class='ocrx_word' id='word_1_152' title='bbox 600 2446 707 2508; x_wconf 91' lang='lat' dir='ltr'><strong>diebus</strong></span> 
     </span>
     <span class='ocr_line' id='line_1_27' title="bbox 122 2531 787 2610; baseline 0.002 -20"><span class='ocrx_word' id='word_1_153' title='bbox 122 2532 253 2592; x_wconf 85' lang='lat' dir='ltr'><strong>Graecos</strong></span> <span class='ocrx_word' id='word_1_154' title='bbox 275 2534 305 2590; x_wconf 91' lang='lat' dir='ltr'><strong>in</strong></span> <span class='ocrx_word' id='word_1_155' title='bbox 329 2531 405 2591; x_wconf 91' lang='lat' dir='ltr'><strong>bella</strong></span> <span class='ocrx_word' id='word_1_156' title='bbox 427 2549 500 2609; x_wconf 90' lang='lat' dir='ltr'><strong>voce</strong></span> <span class='ocrx_word' id='word_1_157' title='bbox 523 2532 670 2610; x_wconf 88' lang='lat' dir='ltr'><strong>minisque</strong></span> <span class='ocrx_word' id='word_1_158' title='bbox 694 2539 787 2591; x_wconf 86' lang='lat' dir='ltr'><strong>vocat.</strong></span> 
     </span>
     <span class='ocr_line' id='line_1_28' title="bbox 83 2613 851 2695; baseline 0 -19"><span class='ocrx_word' id='word_1_159' title='bbox 83 2617 196 2676; x_wconf 88' lang='lat' dir='ltr'><strong>Graeca</strong></span> <span class='ocrx_word' id='word_1_160' title='bbox 219 2623 334 2676; x_wconf 87' lang='lat' dir='ltr'><strong>caterva</strong></span> <span class='ocrx_word' id='word_1_161' title='bbox 358 2613 433 2684; x_wconf 86' lang='lat' dir='ltr'><strong>silet,</strong></span> <span class='ocrx_word' id='word_1_162' title='bbox 458 2616 553 2675; x_wconf 90' lang='lat' dir='ltr'><strong>munit</strong></span> <span class='ocrx_word' id='word_1_163' title='bbox 574 2615 696 2681; x_wconf 68' lang='lat' dir='ltr'><strong>fossata</strong></span> <span class='ocrx_word' id='word_1_164' title='bbox 719 2616 851 2695; x_wconf 89' lang='lat' dir='ltr'><strong>quiescit,</strong></span> 
     </span>
     <span class='ocr_line' id='line_1_29' title="bbox 126 2698 1048 2777; baseline 0 -19"><span class='ocrx_word' id='word_1_165' title='bbox 126 2699 226 2758; x_wconf 81' lang='lat' dir='ltr'><strong>Donec</strong></span> <span class='ocrx_word' id='word_1_166' title='bbox 248 2707 308 2759; x_wconf 89' lang='lat' dir='ltr'><strong>tam</strong></span> <span class='ocrx_word' id='word_1_167' title='bbox 332 2698 445 2777; x_wconf 81' lang='lat' dir='ltr'><strong>Pyrrhe</strong></span> <span class='ocrx_word' id='word_1_168' title='bbox 469 2715 556 2776; x_wconf 91' lang='lat' dir='ltr'><strong>quam</strong></span> <span class='ocrx_word' id='word_1_169' title='bbox 579 2699 710 2759; x_wconf 89' lang='lat' dir='ltr'><strong>hlenelae</strong></span> <span class='ocrx_word' id='word_1_170' title='bbox 733 2701 830 2760; x_wconf 89' lang='lat' dir='ltr'><strong>venis!</strong></span> <span class='ocrx_word' id='word_1_171' title='bbox 997 2708 1048 2758; x_wconf 76' lang='lat'><strong>250</strong></span> 
     </span>
     <span class='ocr_line' id='line_1_30' title="bbox 82 2783 942 2863; baseline -0.002 -19"><span class='ocrx_word' id='word_1_172' title='bbox 82 2784 145 2844; x_wconf 87' lang='lat' dir='ltr'><strong>Rex</strong></span> <span class='ocrx_word' id='word_1_173' title='bbox 168 2784 207 2842; x_wconf 91' lang='lat' dir='ltr'><strong>ita</strong></span> <span class='ocrx_word' id='word_1_174' title='bbox 231 2783 389 2843; x_wconf 83' lang='lat' dir='ltr'><strong>mandevit.</strong></span> <span class='ocrx_word' id='word_1_175' title='bbox 414 2785 550 2849; x_wconf 88' lang='lat' dir='ltr'><strong>Veniunt,</strong></span> <span class='ocrx_word' id='word_1_176' title='bbox 584 2783 773 2863; x_wconf 85' lang='lat' dir='ltr'><strong>Pyrrhusque</strong></span> <span class='ocrx_word' id='word_1_177' title='bbox 795 2783 942 2861; x_wconf 88' lang='lat' dir='ltr'><strong>regendos</strong></span> 
     </span>
     <span class='ocr_line' id='line_1_31' title="bbox 121 2867 786 2948; baseline -0.003 -22"><span class='ocrx_word' id='word_1_178' title='bbox 121 2867 324 2943; x_wconf 87' lang='lat' dir='ltr'><strong>Myrmidones</strong></span> <span class='ocrx_word' id='word_1_179' title='bbox 349 2869 457 2946; x_wconf 88' lang='lat' dir='ltr'><strong>recipit</strong></span> <span class='ocrx_word' id='word_1_180' title='bbox 478 2867 677 2948; x_wconf 88' lang='lat' dir='ltr'><strong>nobiliterque</strong></span> <span class='ocrx_word' id='word_1_181' title='bbox 699 2870 786 2946; x_wconf 87' lang='lat' dir='ltr'><strong>regit.</strong></span> 
     </span>
     <span class='ocr_line' id='line_1_32' title="bbox 81 2949 859 3031; baseline 0.001 -22"><span class='ocrx_word' id='word_1_182' title='bbox 81 2949 232 3010; x_wconf 82' lang='lat' dir='ltr'><strong>Flebiliter</strong></span> <span class='ocrx_word' id='word_1_183' title='bbox 253 2953 347 3030; x_wconf 89' lang='lat' dir='ltr'><strong>patris</strong></span> <span class='ocrx_word' id='word_1_184' title='bbox 370 2968 451 3012; x_wconf 91' lang='lat' dir='ltr'><strong>arma</strong></span> <span class='ocrx_word' id='word_1_185' title='bbox 474 2950 552 3012; x_wconf 83' lang='lat' dir='ltr'><strong>levat</strong></span> <span class='ocrx_word' id='word_1_186' title='bbox 573 2952 697 3031; x_wconf 89' lang='lat' dir='ltr'><strong>visoque</strong></span> <span class='ocrx_word' id='word_1_187' title='bbox 719 2952 859 3031; x_wconf 90' lang='lat' dir='ltr'><strong>sepulcro</strong></span> 
     </span>
    </p>
   </div>
   <div class='ocr_carea' id='block_1_7' title="bbox 79 3117 1048 3506">
    <p class='ocr_par' dir='ltr' id='par_1_7' title="bbox 79 3117 1048 3305">
     <span class='ocr_line' id='line_1_33' title="bbox 147 3117 1048 3185; baseline -0.001 -17"><span class='ocrx_word' id='word_1_188' title='bbox 147 3122 206 3171; x_wconf 82' lang='grc'>225.</span> <span class='ocrx_word' id='word_1_189' title='bbox 224 3119 300 3185; x_wconf 85' lang='lat' dir='ltr'><strong>Virg.</strong></span> <span class='ocrx_word' id='word_1_190' title='bbox 318 3119 388 3168; x_wconf 80' lang='lat' dir='ltr'><strong>Aen.</strong></span> <span class='ocrx_word' id='word_1_191' title='bbox 407 3118 468 3180; x_wconf 84' lang='lat' dir='ltr'><strong>Vll,</strong></span> <span class='ocrx_word' id='word_1_192' title='bbox 486 3121 543 3170; x_wconf 80' lang='grc'>279.</span> <span class='ocrx_word' id='word_1_193' title='bbox 645 3120 705 3172; x_wconf 84' lang='grc'>226.</span> <span class='ocrx_word' id='word_1_194' title='bbox 724 3133 791 3169; x_wconf 83' lang='lat' dir='ltr'><strong>verr.</strong></span> <span class='ocrx_word' id='word_1_195' title='bbox 810 3119 883 3168; x_wconf 89' lang='lat' dir='ltr'><strong>hum.</strong></span> <span class='ocrx_word' id='word_1_196' title='bbox 901 3121 933 3168; x_wconf 84' lang='lat' dir='ltr'><strong>ut</strong></span> <span class='ocrx_word' id='word_1_197' title='bbox 951 3117 1048 3169; x_wconf 77' lang='lat' dir='ltr'><strong>Latini</strong></span> 
     </span>
     <span class='ocr_line' id='line_1_34' title="bbox 80 3185 1048 3252; baseline -0.002 -16"><span class='ocrx_word' id='word_1_198' title='bbox 80 3190 177 3252; x_wconf 78' lang='lat' dir='ltr'><strong>poetae</strong></span> <span class='ocrx_word' id='word_1_199' title='bbox 194 3201 268 3237; x_wconf 86' lang='lat' dir='ltr'><strong>verr.</strong></span> <span class='ocrx_word' id='word_1_200' title='bbox 286 3201 418 3252; x_wconf 79' lang='lat' dir='ltr'><strong>aequora.</strong></span> <span class='ocrx_word' id='word_1_201' title='bbox 489 3188 547 3237; x_wconf 81' lang='grc'>229.</span> <span class='ocrx_word' id='word_1_202' title='bbox 566 3186 655 3241; x_wconf 86' lang='lat' dir='ltr'><strong>Schol.</strong></span> <span class='ocrx_word' id='word_1_203' title='bbox 675 3185 760 3252; x_wconf 78' lang='lat' dir='ltr'><strong>Signa</strong></span> <span class='ocrx_word' id='word_1_204' title='bbox 779 3190 858 3237; x_wconf 83' lang='lat' dir='ltr'><strong>eraut</strong></span> <span class='ocrx_word' id='word_1_205' title='bbox 874 3185 1048 3237; x_wconf 82' lang='lat' dir='ltr'><strong>vexillorum.</strong></span> 
     </span>
     <span class='ocr_line' id='line_1_35' title="bbox 79 3252 414 3315; baseline -0.003 -10"><span class='ocrx_word' id='word_1_206' title='bbox 79 3256 139 3305; x_wconf 84' lang='grc'>236</span> <span class='ocrx_word' id='word_1_207' title='bbox 157 3253 207 3304; x_wconf 88' lang='lat' dir='ltr'><strong>Ov.</strong></span> <span class='ocrx_word' id='word_1_208' title='bbox 226 3255 292 3304; x_wconf 83' lang='lat' dir='ltr'><strong>Met.</strong></span> <span class='ocrx_word' id='word_1_209' title='bbox 312 3252 345 3315; x_wconf 87' lang='lat' dir='ltr'><strong>V,</strong></span> <span class='ocrx_word' id='word_1_210' title='bbox 365 3255 414 3304; x_wconf 86' lang='grc'><strong>606</strong></span> 
     </span>
    </p>

    <p class='ocr_par' dir='ltr' id='par_1_8' title="bbox 82 3320 1048 3506">
     <span class='ocr_line' id='line_1_36' title="bbox 183 3320 901 3387; baseline 0 -17"><span class='ocrx_word' id='word_1_211' title='bbox 183 3321 219 3372; x_wconf 80' lang='lat' dir='ltr'><strong>Ut</strong></span> <span class='ocrx_word' id='word_1_212' title='bbox 237 3320 309 3372; x_wconf 80' lang='lat' dir='ltr'><strong>solet</strong></span> <span class='ocrx_word' id='word_1_213' title='bbox 327 3321 463 3386; x_wconf 78' lang='lat' dir='ltr'><strong>accipiter</strong></span> <span class='ocrx_word' id='word_1_214' title='bbox 480 3320 602 3386; x_wconf 80' lang='lat' dir='ltr'><strong>trepides</strong></span> <span class='ocrx_word' id='word_1_215' title='bbox 621 3321 736 3387; x_wconf 76' lang='lat' dir='ltr'><strong>agitare</strong></span> <span class='ocrx_word' id='word_1_216' title='bbox 748 3320 901 3372; x_wconf 84' lang='lat' dir='ltr'><strong>columbas.</strong></span> 
     </span>
     <span class='ocr_line' id='line_1_37' title="bbox 98 3386 1048 3505; baseline 0.001 -68"><span class='ocrx_word' id='word_1_217' title='bbox 98 3390 172 3505; x_wconf 66' lang='lat'>1¹⁸)</span> <span class='ocrx_word' id='word_1_218' title='bbox 206 3389 240 3438; x_wconf 92' lang='lat' dir='ltr'><strong>In</strong></span> <span class='ocrx_word' id='word_1_219' title='bbox 269 3387 408 3454; x_wconf 79' lang='lat' dir='ltr'><strong>margine:</strong></span> <span class='ocrx_word' id='word_1_220' title='bbox 442 3391 597 3440; x_wconf 79' lang='lat' dir='ltr'><strong>Amazones</strong></span> <span class='ocrx_word' id='word_1_221' title='bbox 623 3389 739 3440; x_wconf 76' lang='lat' dir='ltr'><strong>Graecia</strong></span> <span class='ocrx_word' id='word_1_222' title='bbox 768 3403 823 3439; x_wconf 88' lang='lat' dir='ltr'><strong>non</strong></span> <span class='ocrx_word' id='word_1_223' title='bbox 852 3386 1048 3438; x_wconf 81' lang='lat' dir='ltr'><strong>resistentibus</strong></span> 
     </span>
     <span class='ocr_line' id='line_1_38' title="bbox 82 3459 213 3506; baseline 0 -1"><span class='ocrx_word' id='word_1_224' title='bbox 82 3459 213 3506; x_wconf 85' lang='lat' dir='ltr'><strong>cemsnt</strong></span> 
     </span>
    </p>
   </div>
   <div class='ocr_carea' id='block_1_8' title="bbox 0 0 1194 3810">
    <p class='ocr_par' dir='ltr' id='par_1_9' title="bbox 0 0 1194 3810">
     <span class='ocr_line' id='line_1_39' title="bbox 0 0 1194 3810; baseline 0 1"><span class='ocrx_word' id='word_1_225' title='bbox 0 0 1194 3810; x_wconf 95' lang='lat' dir='ltr'><strong> </strong></span> 
     </span>
    </p>
   </div>
  </div>
 </body>
</html>
