2378 3810
106 144 168 207 174
410 141 472 193 Lan.
491 141 540 192 22.
577 156 602 192 v.
621 139 765 194 222-200.

150 295 273 357 Fallitur
295 295 420 372 augurio
443 311 511 372 spes
534 290 611 353 bona
633 309 722 370 saepe
745 290 833 352 bono.

105 380 238 460 Pyrrhus
260 380 295 440 ad
319 379 386 449 hoc,
410 379 478 459 quia
496 375 647 456 displicuit
670 375 813 437 dissuasio
835 376 963 456 Pyrrho,

147 464 222 543 Regi
245 465 342 525 ricino
365 461 461 524 stabat
484 462 597 540 etipse
620 461 701 522 ioco:

104 548 250 610 Providus
272 554 317 609 221
338 548 457 620 Nestor,
481 553 525 606 est
547 546 782 625 circumspectus
803 544 919 613 Ulixem
1027 559 1078 608 222

149 634 281 694 discrete
305 631 442 692 dubitant
464 640 493 691 et
515 629 677 690 dubitanda
701 630 814 689 timent.

108 718 185 788 outo
208 725 324 777 tentare
348 723 443 783 20221,
467 722 568 776 votum
590 712 675 775 labor
697 713 852 791 improbus
873 713 981 793 impiet

148 804 263 878 Araque
286 799 353 876 vigil
376 816 498 875 magnas
520 815 610 877 saepe
632 798 782 859 ministrat
803 815 883 874 opes,

106 885 168 948 Nec
191 884 463 952 222221222212221,
487 878 610 961 pavidus
632 885 656 941 si
682 881 912 953 222121212221;
1018 929 1022 935 ⁴

148 968 279 1046 Turgida
303 985 371 1028 cum
394 968 521 1046 primum
545 967 654 1026 restitit
676 967 754 1026 unda
776 968 843 1027 rati.
1027 979 1080 1028 230

106 1053 131 1115 0
153 1054 220 1114 2221
244 1052 393 1114 interdum
417 1049 503 1113 labor
525 1050 602 1111 altus
624 1050 744 1127 expedit
765 1057 858 1120 actus,

150 1137 277 1198 Maxima
300 1137 443 1213 segnities
466 1134 621 1196 commoda
643 1132 719 1194 tollit
741 1137 832 1195 iners.

107 1219 376 1301 Quantumcunque
399 1228 492 1300 potes,
516 1219 605 1280 lacito
628 1236 789 1298 properare
811 1217 956 1291 laborem,

149 1305 211 1367 Nec
233 1323 317 1366 mora
338 1307 439 1381 segnis
462 1322 536 1384 opus
558 1302 675 1363 differat
697 1302 755 1363 ulla
776 1308 871 1363 tuum.

108 1387 239 1468 Tempus
263 1388 298 1450 ad
322 1388 379 1448 hoc
402 1389 552 1464 sortesque
575 1389 653 1448 viros
675 1385 810 1466 fidosque
831 1386 958 1457 20121212,
1024 1399 1078 1447 222

150 1472 231 1543 0202
254 1471 351 1533 credis
375 1479 461 1541 10102,
487 1470 593 1549 effuge,
615 1477 696 1532 tutus
718 1473 787 1532 eris.
996 1546 1002 1554 ²

108 1553 180 1627 Quis
203 1554 281 1617 bona
303 1558 346 1617 sic
369 1557 426 1616 nisi
450 1557 559 1617 mentis
581 1556 668 1636 inops
692 1553 789 1616 oblata
812 1556 940 1616 refutet?

150 1639 267 1720 Resque
290 1639 475 1720 laboriperas
498 1639 609 1720 absque
631 1638 734 1701 labore
757 1638 859 1700 datast

107 1723 195 1785 Plebs
216 1723 325 1803 probat
346 1725 414 1800 1202,
437 1726 592 1803 firmatque
614 1724 703 1786 fldem
726 1722 883 1803 laudatque
906 1723 1056 1797 laborem,

150 1809 275 1889 lpsaque
298 1808 378 1870 clara
401 1808 509 1870 ducum
531 1810 635 1868 concio
657 1807 784 1886 spondet
806 1826 904 1888 opem.
1025 1819 1079 1870 240

106 1894 182 1971 Regi
203 1891 376 1972 Polydamas
398 1895 515 1969 signum
539 1891 677 1962 diffamat,
701 1901 734 1952 ut
755 1891 797 1952 illi

149 1977 266 2046 Norint,
290 1976 348 2057 quo
373 1979 490 2037 veniant
512 1984 657 2055 tempore,
680 1995 798 2057 quoque
820 1977 897 2040 loco.

107 2061 289 2121 Promittunt
311 2079 453 2139 proceres
475 2066 504 2118 et
524 2061 625 2138 jurant
646 2059 850 2138 Polydamanti

151 2142 244 2203 Immo
267 2152 374 2204 vovent
396 2140 530 2203 stabilem
555 2147 634 2222 regis
656 2143 693 2204 ah
716 2163 769 2206 022
790 2146 893 2206 fidem:

107 2227 178 2307 Ejus
202 2226 280 2305 quod
303 2225 404 2297 rebus,
429 2226 506 2307 quod
529 2228 639 2298 amicis,
664 2229 805 2308 quodque
826 2229 1002 2309 propinquis
1025 2239 1080 2288 212

151 2311 235 2382 Quod
259 2310 316 2372 21121
338 2318 474 2373 22222102
496 2314 671 2373 intemerata
693 2312 783 2380 fides;

107 2398 237 2456 12222222
259 2394 369 2469 nullus,
393 2397 542 2457 Antenora
564 2414 664 2466 nemo,
687 2396 797 2458 llolona

151 2480 244 2540 Nemo
267 2481 405 2557 contigat.
430 2498 517 2540 nemo
540 2497 649 2541 nocere
671 2480 755 2550 velit;

108 2563 269 2624 incolumis
292 2571 409 2624 maneat
430 2563 528 2626 lolaus
552 2572 580 2624 21
602 2566 697 2627 omnis
720 2568 751 2625 122
775 2568 830 2626 1210

153 2646 225 2707 Fida
247 2655 346 2708 monte
368 2647 470 2709 volens
493 2650 630 2710 conscius
653 2667 718 2711 2222
741 2648 815 2710 1020.
1024 2659 1081 2708 152

176 2866 234 2916 222.
254 2864 334 2918 Ovid.
352 2865 467 2918 Heroid.
485 2866 572 2926 XVH,
590 2869 640 2918 234

281 2932 403 2984 Fallitur
420 2934 536 2998 augurio
554 2949 617 2999 spes
636 2935 709 2986 12022
727 2949 808 2999 saepe
826 2949 885 2987 222.

107 3000 166 3115 ἒξ.
186 2999 238 3051 02.
258 3001 324 3055 Μ21,
343 3001 366 3064 Ι,
385 3003 443 3052 397.
462 3001 526 3066 quid
546 3006 655 3052 tentare
674 3002 795 3053 nocebit.
847 3002 905 3053 228.
926 3000 978 3057 02.
992 3003 1078 3059 Ρ221.

152 3069 272 3131 ,1,104

269 3135 329 3185 Η22
347 3137 470 3186 Fortuna
487 3136 540 3186 tibi
557 3141 651 3186 202122
668 3136 806 3187 ministrat
824 3149 898 3201 opes.

108 3202 167 3252 229.
187 3203 228 3252 30.
246 3201 383 3267 Pamphil.
402 3202 453 3265 III,
471 3206 496 3256 9.
516 3205 555 3254 10.
625 3206 684 3256 937.
703 3201 795 3253 Gnalt.
813 3203 894 3253 Alex.
911 3202 958 3262 IV,
978 3206 1029 3256 571

210 3268 278 3330 Quis
296 3270 352 3319 2121
368 3270 468 3319 mentis
485 3270 566 3335 inops
584 3270 708 3321 oblatum
726 3271 971 3336 respectantem?

108 3338 166 3388 238.
187 3335 270 3387 221201.
288 3337 411 3389 laborem
429 3342 567 3403 parantes.
636 3340 693 3392 241.
712 3337 848 3388 22211112.
