2378 3810
108 171 169 235 196
413 175 476 226 Lib.
495 173 542 223 VI.
579 191 604 222 v.
622 176 765 226 845-868.
838 218 841 223 .

106 327 196 388 Dives
220 344 320 405 opum,
344 343 470 404 regnum
495 327 662 401 regionum,
686 328 769 404 regia
791 345 904 405 regum,
1028 339 1079 387 845

149 408 252 471 Inclita
274 409 419 472 nobilium
444 413 566 479 mansio,
592 428 701 488 pompa
725 409 846 472 ducum!

107 496 163 556 Tot
187 495 304 574 populis
327 504 357 555 et
379 502 420 555 tot
444 495 586 556 munitam
610 495 747 556 turribus
770 495 875 557 urbem

149 578 280 641 Credere
301 581 370 658 quis
392 586 494 659 posset
516 579 670 640 obsidione
693 580 769 659 capi.

108 664 229 725 Corruit
250 666 359 724 invicta
382 666 500 733 totiens,
525 662 661 742 nihilque
683 661 828 725 remansit

149 748 316 810 Incinerata
337 748 425 827 iacet,
449 748 500 809 sed
525 766 622 826 neque
646 766 754 810 nomen
777 748 876 813 babet.
1026 759 1078 809 850

110 833 240 902 Corruit,
264 831 432 913 exemplum
457 834 547 893 terris
569 836 700 894 immane
723 832 858 902 dabatur,

151 917 236 989 Quod
259 934 403 994 praesens
424 926 536 979 certam
561 936 620 978 non
643 917 732 979 habet
754 917 827 978 bora
850 917 949 979 fidem.

106 1001 181 1062 Nam
204 1018 290 1079 seges
312 1010 365 1072 est,
390 1001 440 1062 ubi
464 999 553 1080 Troja
576 1003 641 1072 init,
665 1001 887 1082 resecandaque
909 1004 985 1065 lalce

150 1086 296 1147 Luxuriat
318 1086 448 1166 Phrygio
471 1089 616 1164 sangnine
638 1089 757 1166 pinguis
779 1087 896 1148 liumus

108 1169 304 1251 Semisepulta
328 1173 423 1232 virtim
447 1173 547 1233 curvis
569 1172 720 1232 feriuntur
742 1177 850 1233 aratris
1024 1182 1075 1230 855

152 1255 238 1326 0888,
260 1256 400 1317 ruinosas
423 1254 533 1317 occulit
555 1254 648 1318 herba
672 1255 788 1318 domos.

108 1341 201 1401 Causa
224 1342 271 1400 rei
293 1338 361 1400 talis
384 1342 525 1401 meretrix
550 1347 615 1401 erat
637 1339 765 1401 exitialis

148 1424 299 1485 Formosis
321 1423 408 1485 malis
430 1423 544 1485 artibus
566 1441 618 1484 888
642 1422 735 1486 malie.

108 1506 242 1587 Coujugii
264 1507 416 1569 Menelaus
439 1526 502 1570 eam
526 1508 605 1588 quod
629 1527 732 1569 amore
753 1510 893 1586 requirit,

148 1593 233 1663 Quod
257 1599 299 1663 tu,
324 1592 402 1673 quod
425 1593 539 1653 iaceret
560 1592 697 1672 quilibet·
719 1596 775 1654 iste
799 1594 877 1655 lacit.
1024 1603 1076 1652 888

374 1756 587 1826 [coucuusro
607 1755 806 1825 caraunus]

107 1862 172 1924 1881
195 1870 314 1940 portum
338 1879 404 1924 mea
426 1862 524 1924 cimba
548 1871 640 1933 tenet,
660 1862 722 1941 J'am
746 1870 833 1923 nauta
857 1864 992 1939 quiescit,

149 1945 281 2007 Plurima
305 1949 355 2024 qui
379 1949 486 2008 mersit
507 1947 624 2025 agmina
648 1948 753 2008 mortis
776 1949 868 2026 aquis

104 2029 230 2092 involvit
252 2048 318 2091 cum
342 2030 431 2109 plebe
454 2031 554 2100 duces,
579 2048 646 2091 cum
669 2033 807 2111 principe
830 2030 945 2109 vulgus,

150 2115 221 2176 Cum
246 2113 357 2195 populo
378 2133 521 2194 proceres
543 2113 762 2193 belligerosque
783 2124 873 2176 rates.

107 2200 251 2278 Pergama
276 2205 319 2259 tot
341 2200 459 2279 populis
481 2198 629 2276 quondam
655 2203 805 2277 terrisque
826 2199 956 2279 superba
1024 2207 1076 2257 888

150 2283 297 2345 Mortibus
319 2284 484 2346 innumeris
505 2285 588 2344 misit
610 2286 639 2344 in
664 2285 825 2345 interitum.
1088 2293 1090 2300 ’

109 2368 166 2428 1181
188 2370 279 2447 igilur
302 2386 355 2446 per
379 2367 557 2448 exemplum,
581 2386 675 2444 genus
698 2388 716 2429 o
739 2367 863 2430 mortale
885 2386 1007 2429 reorum

150 2453 306 2514 1111111818
330 2453 413 2515 duxit
434 2471 509 2532 quos
532 2453 608 2514 mala
632 2455 688 2514 vita
712 2452 833 2514 malum.

110 2654 170 2706 848.
188 2656 212 2702 9.
230 2652 356 2704 Imitetio
374 2652 470 2703 Sebini
488 2655 509 2717 1,
528 2658 560 2704 14

207 2721 271 2771 Jam
290 2721 359 2770 einis
378 2726 407 2771 et
424 2725 532 2772 tentum
549 2722 643 2773 flebile
661 2722 746 2787 Troja
764 2722 859 2774 solum.
896 2759 898 2765 ,
917 2755 922 2763 -

107 2790 165 2839 851.
185 2787 237 2839 Or.
256 2803 278 2836 8.
296 2788 375 2842 Ρ8111.
393 2789 442 2851 IV,
460 2791 485 2851 3,
504 2791 538 2840 50

208 2856 245 2905 Et
263 2859 367 2905 certam
385 2871 520 2922 praesens
538 2856 586 2907 vix
603 2857 687 2908 hebet
704 2861 778 2908 terre
796 2856 886 2908 fldem.

106 2924 233 2976 858-55.
260 2922 353 2974 Ovidii
379 2927 445 2975 sunt
470 2923 584 2975 Heroid.
608 2926 631 2976 1.
654 2940 680 2974 v.
697 2925 808 2985 53-56,
835 2926 956 2976 mutavit
982 2930 1077 2974 tamen

106 2996 201 3042 noster
224 2991 384 3056 ,81118818ι
408 2992 502 3044 Ovidii
530 2992 559 3042 in
587 2991 702 3057 frigidm
730 2991 894 3044 Ovidienum
925 2993 1075 3042 tenuimus.

106 3060 166 3110 854.
183 3072 285 3124 mergo.
304 3059 432 3110 virorum.
484 3061 543 3112 858.
556 3061 598 3110 57.
617 3058 707 3109 (111118
726 3059 760 3109 18
773 3059 875 3111 Colum.
891 3059 944 3125 (ed.
957 3060 1074 3123 urgent.

109 3129 186 3189 1494)
206 3126 255 3178 fol.
274 3127 397 3191 poenult.
417 3131 447 3177 Δ.
467 3127 518 3179 881.
538 3144 562 3178 a.

209 3193 301 3244 Causa
319 3195 442 3245 18118118
460 3196 592 3246 meretrix
610 3198 672 3246 8181
691 3194 823 3258 exitialis,

242 3262 361 3312 Femina
379 3262 485 3327 1818118,
505 3263 611 3314 femine
628 3263 705 3313 foeta
723 3262 813 3316 malie.

106 3328 165 3378 858.
187 3345 201 3378 8
219 3330 345 3395 margine
363 3345 412 3396 pro
431 3347 534 3382 8111818.
603 3332 661 3381 eet.
679 3331 756 3395 Virg.
774 3329 843 3381 Aen.
861 3330 899 3390 11,
918 3333 967 3383 556

196 3396 353 3460 Perperna,¹
374 3402 416 3450 181
435 3398 572 3465 quondam
590 3397 701 3466 populis
718 3399 853 3465 terrisque
872 3399 1020 3464 superbum

185 3460 384 3524 Regnatorem
404 3465 506 3522 Asiae.
