2378 3810
427 133 488 184 Lib.
507 133 530 183 Ι.
566 131 748 184 Prooemium.

104 286 144 348 Se
165 287 277 349 mleera
300 288 419 363 misere,
442 289 553 348 misero
575 286 746 348 stimulante
769 285 880 346 lurore.

102 375 161 435 Per
183 372 308 435 miseros
331 375 424 452 igitur
448 370 549 450 elegos
571 373 628 433 hoc
651 371 762 433 ducere
786 387 905 431 carmen

102 461 226 522 Decrevi
248 460 402 528 miserum,
426 463 538 518 sortem
561 459 720 518 miseratus
744 473 847 518 eorum

102 546 144 607 lle
167 544 276 624 quibus
299 543 347 603 hic
369 541 486 620 legitur,
510 544 613 603 miseri
635 545 687 621 qui
709 552 806 604 cestra
829 553 1002 624 sequuntur.
1037 556 1071 605 30

102 630 164 691 Hac
186 635 289 690 noster
311 629 427 689 ratione
450 625 536 687 stilus
558 645 618 688 non
641 626 745 688 debuit
767 629 840 689 istas

102 712 242 777 Scribere
264 731 320 773 nec
343 711 449 773 debuit
470 711 597 773 heroum
620 713 753 773 carmine
775 720 895 784 mortes

103 797 162 859 Sed
184 798 319 858 numeris
342 795 397 858 sub
421 796 593 874 disparibus
615 796 662 857 lex
684 799 808 859 metrica
831 797 927 869 saltat,

103 883 275 963 Tamquam,
300 883 337 942 de
359 882 477 941 miseris
501 880 572 942 haec
596 888 641 941 est
663 883 803 953 narratio,
828 882 917 944 dicat.

103 965 239 1114 ¹½Troilus
262 974 307 1027 est
329 962 448 1026 Troilus
471 964 599 1026 Troiano
622 967 760 1046 principe
783 973 869 1028 natus
1037 977 1070 1026 35

130 1059 141 1113 t
161 1051 239 1113 liber
262 1058 307 1111 est
328 1049 448 1110 Troilus
470 1048 507 1109 ob
530 1049 637 1112 Troica
661 1049 736 1111 bella
760 1051 907 1132 vocatus]

281 1196 369 1263 QUID
389 1196 602 1252 OONTINEAT
619 1197 757 1253 PRIMUS
775 1199 892 1253 LIBER.

188 1304 304 1366 Primus
332 1303 411 1364 liber
438 1304 571 1363 continet
599 1302 698 1364 Peliae
727 1312 828 1366 contra
855 1307 995 1367 Iasonem
1023 1309 1071 1368 in·

103 1389 225 1459 vidiam,
249 1389 368 1449 lasonis
389 1406 444 1466 pro
466 1387 576 1449 vellere
599 1391 831 1468 navigationem,
859 1390 1071 1452 Laomedontis
1159 1418 1162 1423 ·

102 1491 223 1543 necem,
253 1473 400 1535 Hesionae
422 1473 629 1533 deductionem
653 1484 682 1534 et
704 1475 835 1535 clusdem
859 1474 895 1542 ab
918 1477 1070 1537 Antenore

102 1559 328 1637 repetitionem,
358 1556 466 1618 Troiae
494 1560 708 1627 munitionem,
737 1558 897 1620 Alexandri
923 1561 955 1621 in
979 1561 1070 1622 Grac·

103 1644 179 1705 ciam
201 1643 434 1722 profectionem,
462 1640 592 1703 Helenae
615 1644 645 1703 in
668 1642 827 1722 Phrygiam
850 1643 1069 1713 adductionem,
1096 1696 1098 1700 ,

77 1728 249 1788 ·vindicem
284 1743 300 1785 a
328 1726 449 1787 Graecis
482 1727 747 1800 machinationem,
777 1728 1009 1804 Agamemnonis
1039 1733 1069 1790 in

103 1829 204 1890 regem
228 1810 430 1872 elevationem.

443 2012 556 2074 LlBER
579 2014 727 2076 PRIMUS.

373 2177 553 2233 CAPITULA
569 2178 668 2234 LIBRI
684 2178 798 2233 PRIMI.

101 2300 222 2361 Primus
245 2299 282 2360 ob
305 2300 446 2361 invidiam
469 2300 568 2362 Peliae
592 2320 660 2363 curn
683 2320 756 2364 nave
780 2310 902 2364 venusta

104 2382 235 2445 Cholcon
259 2386 396 2446 inaurato
418 2404 473 2464 pro
497 2383 605 2446 vellere
628 2387 736 2448 Iasone
759 2395 865 2465 portat,

101 2467 282 2537 Laomedon,
305 2487 410 2530 navem
435 2471 487 2547 qui
508 2470 624 2531 IasonIs
647 2478 715 2532 ante
738 2471 864 2549 legarat,

102 2553 240 2614 Herculis
264 2571 335 2614 ense
359 2554 446 2624 cadit,
470 2554 577 2616 Troiae
600 2555 726 2617 munitio
748 2559 854 2633 surgit,

102 2689 304 2698 --—-—·-—

171 2757 212 2806 30.
230 2754 321 2806 Perta.
337 2757 446 2811 misera,
499 2757 540 2807 35.
560 2757 600 2810 26.
618 2756 678 2807 Hos
696 2755 765 2807 duos
777 2759 855 2809 uncis
868 2756 990 2809 inclusos
1008 2774 1070 2810 ver-

103 2836 150 2872 sus
166 2822 303 2888 Heusing.
324 2837 379 2872 non
397 2828 479 2888 putet
496 2825 531 2874 eb
550 2824 663 2875 Alberto
682 2825 824 2890 profectos
843 2839 916 2876 esse:
944 2826 1006 2890 „Ut
1028 2827 1070 2876 ita

102 2904 247 2956 censeam,
275 2889 357 2954 dicit,
386 2906 442 2941 non
469 2907 500 2942 eo
520 2891 607 2943 solum
630 2891 753 2942 adducor
771 2893 843 2956 quod
861 2891 969 2942 Alberti
987 2908 1069 2956 vena,

102 2958 229 3022 quamvis
249 2962 277 3008 et
294 2958 356 3022 ipse
374 2956 514 3010 lutulenta
532 2961 612 3022 fluat,
631 2964 724 3010 temen
742 2975 773 3009 ea
791 2963 856 3010 sunt
873 2959 995 3023 indigni,
1019 2961 1069 3012 sed

101 3024 188 3075 etiem
217 3024 289 3090 quod
315 3025 401 3077 iidem
419 3041 515 3077 versus
542 3029 573 3077 in
599 3027 653 3078 fine
676 3027 781 3093 codicis
804 3030 979 3092 repetuntur,
1007 3032 1034 3078 et
1052 3044 1071 3078 a

100 3093 295 3159 grammatico,
315 3094 409 3158 quiin
427 3108 543 3146 accessu
562 3095 598 3146 ad
615 3094 739 3146 Troilum
762 3090 828 3145 libri
851 3093 963 3145 titulum
980 3095 1069 3160 expli·

100 3160 183 3222 cavit,
203 3159 281 3211 nulla
299 3175 392 3211 eorum
411 3161 483 3212 ratio
503 3167 546 3213 eet
562 3162 670 3212 habita.
704 3163 727 3212 E
747 3163 846 3227 quibus
864 3163 989 3214 omnibus
1007 3177 1069 3228 pro·

99 3241 165 3276 num
185 3232 227 3278 est
246 3230 393 3294 suspicari,
411 3229 566 3279 versiculos
583 3230 652 3280 istos
671 3230 705 3279 ab
724 3228 780 3279 elio
793 3231 911 3294 quodem
924 3230 1068 3281 confectos

98 3293 267 3360 Albertoque
287 3310 348 3347 esse
367 3296 553 3362 suppositos.“
589 3297 704 3347 Alberto
727 3297 874 3349 tribuimus
896 3299 946 3349 hoe
963 3312 1067 3361 versus,

100 3363 147 3479 ἓιιί
165 3377 249 3428 seepe
268 3367 296 3414 et
314 3362 433 3415 libenter
451 3363 556 3430 gaudet
573 3363 778 3430 logodaedalia,
798 3369 829 3415 ut
846 3367 876 3415 iu
894 3365 1067 3430 praefatione

93 3484 99 3499 ι
119 3430 251 3486 oouimus.
292 3433 345 3503 ¹¹2,
365 3431 433 3484 Mso.
453 3431 614 3483 Chonchon.
685 3435 710 3484 3.
728 3433 798 3484 Meo.
816 3432 948 3498 ingerat.
