2378 3810
407 179 469 230 nia.
487 181 519 230 v.
550 195 575 230 v.
595 179 738 231 164—192.
994 179 1053 244 137

137 331 169 391 ln
193 329 284 392 coelis
306 336 406 392 manet
427 331 473 391 his
496 332 541 390 vis
563 340 724 393 memorata
747 332 833 395 locis.

93 415 157 475 Non
180 415 257 476 idem
281 432 387 477 cursus
409 422 455 475 est
476 412 624 484 omnibus,
646 415 695 476 ille
717 415 834 495 planeta
1008 425 1057 476 165

136 498 236 570 Velox,
261 499 443 567 uictamne,
467 498 515 558 hio
537 496 632 576 magis
653 499 711 560 hoo
735 498 778 560 vel
802 519 848 561 eo.

92 583 147 644 Hic
168 583 212 644 illi
235 583 340 644 domus
363 591 418 652 est,
441 581 492 644 hic
514 580 618 662 gloria,
641 586 769 644 servitus
791 583 853 646 illic
916 645 918 651 .

135 667 262 746 Semper
284 675 357 736 crat,
380 685 499 746 semper
522 668 667 745 septimus
690 668 783 729 hostis
806 671 871 729 erit.

92 751 142 812 Sol
164 751 272 812 solium
295 751 376 813 solus
399 751 488 829 elegit
509 751 540 811 in
563 751 636 813 aede
659 753 762 822 leonis,

137 836 190 896 Est
213 838 292 896 aries
314 834 384 896 solis
407 835 509 914 gloria,
532 853 627 915 poena
650 833 755 898 libras

92 920 125 994 ln
149 937 257 982 cancro
280 920 369 981 lunae
392 921 492 981 videas
514 917 693 990 habitacula,
716 929 820 982 taurus

136 1003 231 1065 Altius
254 1003 377 1073 extollit,
401 1007 520 1082 scorpio
543 1011 654 1082 pugnat
676 1023 753 1065 eam.

96 1087 185 1148 Libra
208 1089 313 1148 domus
336 1089 461 1148 Veneris
483 1095 512 1147 et
534 1093 644 1157 taurus,
668 1088 800 1165 piscibus
822 1097 919 1149 autem

135 1171 260 1246 Regnat,
284 1173 327 1231 sic
350 1173 484 1249 queritur
508 1172 622 1248 virgine
643 1174 726 1250 virgo
748 1174 855 1250 premi.

93 1256 215 1332 Virgine
237 1255 403 1317 Mercurius
424 1255 551 1316 laetatur
572 1264 603 1316 et
623 1257 653 1315 in
677 1259 866 1334 geminorum
1009 1267 1058 1315 175

136 1339 265 1417 imperat
288 1339 427 1417 hospitio,
451 1339 583 1418 piscibus
606 1339 674 1401 exul
697 1343 762 1402 erit.

92 1423 200 1483 Laetae
222 1424 387 1503 suscipiunt
410 1425 487 1485 aries
509 1432 538 1485 et
560 1424 677 1505 scorpio
699 1425 834 1496 Martem,

136 1508 215 1568 Mars
238 1507 291 1568 tibi
314 1526 421 1569 cancer
444 1509 551 1579 honor,
574 1509 627 1593 secl
650 1511 845 1588 capricornus
859 1511 957 1572 ,onusl

95 1591 214 1670 Jupiter
237 1590 347 1654 exultat
371 1594 402 1651 in
424 1593 557 1673 piscibus
579 1603 666 1673 atque
690 1595 804 1671 sagitta,

136 1677 190 1737 Cui
213 1693 320 1736 cancer
342 1694 395 1737 rex
418 1683 473 1746 est,
497 1694 585 1755 capra
609 1676 761 1745 bubulcus,
785 1680 835 1738 ait.
1010 1686 1059 1736 180

96 1759 216 1820 Saturni
240 1759 346 1820 domus
368 1766 413 1820 est
435 1769 464 1820 et
486 1762 625 1839 aquarius
648 1769 678 1820 et
700 1763 895 1839 capricornus

137 1842 270 1904 Servitus
293 1852 339 1904 est
361 1845 448 1914 aries,
472 1842 548 1904 libra
570 1861 680 1904 corona
702 1845 776 1905 seni.

92 1927 164 1988 Post
186 1926 289 2006 epulas
312 1928 406 2006 agitur
428 1937 461 1989 ut
482 1944 604 1989 somnus
626 1928 762 1989 membra
783 1927 898 1997 salutet,

135 2012 268 2089 Reginae
291 2030 400 2090 corpus
422 2030 512 2073 aurea
535 2013 647 2092 sponda
670 2012 758 2074 louet.

232 2174 519 2246 [PENTHESILEAE
536 2176 671 2231 urlinus
689 2177 728 2231 IN
745 2177 923 2246 PuuNAMJ

98 2297 219 2358 Postera
242 2295 378 2358 Phoebea
402 2297 450 2357 lux
473 2297 582 2358 lustrat
603 2298 739 2377 lampade
762 2308 874 2371 terras;
1010 2308 1060 2356 185·

137 2382 202 2442 Jam
225 2379 298 2441 libet
320 2383 349 2440 in
373 2379 452 2441 bello
474 2382 663 2441 conseruisse
685 2400 799 2451 manus,

97 2465 161 2526 Stat
182 2467 302 2541 sonipes
324 2482 359 2524 au
381 2464 464 2524 laena
487 2464 570 2524 teror
594 2468 760 2543 spumantia
782 2466 908 2536 mordet,

137 2548 227 2626 Cujus
248 2565 388 2626 pressura
412 2555 529 2624 tergora
552 2549 634 2626 virgo
655 2549 736 2610 luit·

96 2633 144 2692 Fit
166 2650 256 2692 sonus
279 2631 315 2692 ad
338 2630 460 2702 bellum,
483 2650 574 2713 quum
599 2632 707 2710 tigride
729 2635 875 2711 promtior
898 2652 978 2709 arma
1087 2633 1091 2643 ⁴

138 2714 272 2776 Bellandi
293 2716 391 2777 studio
414 2716 597 2778 Penthesilea
621 2717 710 2779 subit.
1011 2727 1060 2776 190

94 2800 228 2877 Protegit
249 2803 370 2877 egregia
392 2799 482 2861 lorica
506 2801 639 2862 membra
661 2801 790 2882 triplice,

138 2884 233 2945 Ocrea
255 2884 365 2946 lerrata
388 2885 512 2946 candida
536 2904 623 2947 crura
646 2887 731 2964 tegit;

95 3037 298 3046 Ἢ

164 3121 220 3173 173.
256 3117 367 3173 (lenter.
389 3119 513 3171 Marcell.
535 3120 644 3186 Paling.
663 3137 689 3187 p.
706 3123 756 3171 ms
774 3137 800 3170 v.
819 3123 852 3171 27
871 3120 950 3185 (edit.
968 3122 1059 3172 Paris.

96 3189 171 3238 1580.
190 3184 245 3251 16).
316 3189 372 3238 175.
392 3187 514 3237 Marcell.
533 3187 641 3252 Paling.
660 3189 678 3239 l.
697 3189 743 3242 cit.
761 3204 787 3253 p.
805 3190 865 3252 313,
885 3205 911 3239 v.
932 3191 956 3239 1.

197 3255 350 3306 Mercurius
369 3254 491 3305 Geminis
510 3261 539 3306 et
557 3255 671 3318 pulchre
688 3256 802 3321 Virgine
821 3255 933 3317 gaudet.

98 3323 157 3373 185.
175 3320 288 3386 Virgilii
306 3325 371 3373 Aen.
389 3322 437 3384 1v,
455 3324 479 3372 a.
549 3325 607 3374 187.
625 3323 702 3387 Virg.
720 3323 789 3372 Aen.
808 3323 856 3385 IV,
876 3325 925 3374 136

199 3388 262 3439 Stat
278 3391 399 3455 sonipes,
419 3404 453 3439 ae
471 3390 548 3440 frana
565 3390 645 3440 ferox
662 3391 819 3456 spumantia
837 3390 953 3441 mandit.

96 3457 154 3507 190.
173 3472 188 3507 e
206 3458 330 3522 margine
349 3472 398 3521 pro
416 3457 478 3506 fuit.
