2378 3810
421 207 482 258 Lib.
504 206 547 260 VI.
583 221 607 256 v.
627 208 770 257 812-844.

152 358 292 418 Promisit
315 367 433 435 tempus
456 366 556 418 nostra
580 361 695 419 marina
718 360 838 438 quibus.

108 444 210 506 Mente
232 451 332 503 tamen
356 443 466 503 tumida
490 451 624 521 cogente,
648 443 787 524 superbia
812 448 921 506 mansit

154 527 306 587 Materiam
330 526 412 587 muiti
435 528 636 606 compositura
660 528 739 589 maii.

109 611 248 674 Nascitur
269 613 348 671 inter
371 630 422 672 eos
445 628 564 681 rancor,
587 621 696 683 tumor,
720 616 773 683 ira,
797 614 940 685 simultas,
1028 626 1079 675 818

152 695 283 756 invidiae
306 698 432 766 facinus,
456 714 522 756 cum
547 696 664 757 feritate
689 698 783 759 dolus.

109 781 246 860 Denique
269 783 449 842 conveniunt
472 779 538 840 lites
560 781 694 842 acuendo
718 782 893 844 Corinthum

153 865 337 926 Inmemores
359 868 512 945 propriam
537 867 582 926 rix
604 868 739 946 tetigisse
762 868 890 940 domum,

111 948 148 1010 Et
170 950 228 1010 nisi
251 949 393 1010 Nestorea
418 967 521 1026 pacem
545 951 665 1012 suadela
688 959 812 1020 crearet,

158 1034 268 1095 Fessus
291 1053 322 1095 se
345 1033 471 1114 populus
494 1037 524 1094 in
548 1053 623 1095 nova
647 1035 722 1096 bella
746 1036 840 1098 daret.
1030 1049 1081 1098 880

60 1113 65 1122 ’
112 1116 148 1178 10
171 1135 224 1178 sna
247 1120 373 1184 victoria
391 1136 552 1180 conversus
575 1122 688 1180 viscera
710 1121 792 1181 ferro

155 1201 260 1263 Fastus
283 1205 436 1264 consuevit
458 1211 501 1263 tot
523 1220 667 1281 generare
691 1203 776 1265 maia:

111 1287 172 1347 Nec
195 1289 259 1349 siue
279 1287 396 1367 jactura
419 1288 570 1350 Menelaus
592 1290 713 1349 taedere
735 1288 822 1350 ioedo

155 1370 255 1432 Foede
279 1371 414 1433 foedatus
437 1375 468 1433 iu
491 1390 543 1433 sua
567 1391 659 1451 regna
682 1375 776 1447 redit;

111 1454 226 1517 Rumor
248 1457 279 1526 it,
304 1464 333 1517 et
355 1475 495 1536 magnum
518 1458 707 1521 sermonibus
730 1469 856 1538 occupat
878 1460 992 1535 orbem,
1030 1471 1080 1520 885

154 1539 229 1600 Dum
253 1557 327 1618 quae
350 1544 535 1621 contigerant
558 1542 691 1604 urbisin
715 1563 787 1606 aure
809 1554 929 1605 sonant:

111 1623 205 1694 Quam
230 1625 311 1686 Paris
334 1626 504 1695 abstulerat,
528 1636 558 1687 et
579 1644 634 1705 pro
657 1646 715 1706 qua
739 1628 862 1689 Graecia
886 1637 944 1690 tota

155 1707 210 1769 Per
233 1709 326 1770 denos
347 1727 440 1770 annos
462 1710 575 1789 proelia
598 1714 698 1780 movit,
722 1712 818 1772 adest!

111 1794 210 1854 Patria
235 1798 390 1857 concurrit
412 1793 467 1855 hac
490 1813 545 1876 pro
569 1793 696 1855 muliere
719 1795 853 1867 videnda,

154 1877 199 1938 Ob
221 1896 311 1958 quarn
333 1888 377 1942 tot
399 1898 549 1960 proceres,
573 1885 617 1939 tot
637 1881 755 1958 periero
778 1879 879 1942 duces.
1025 1892 1077 1942 880

112 1961 249 2033 Quamvis
270 1965 506 2043 pulchraioret,
530 1966 642 2032 dicunt.
667 1967 736 2044 quia
759 1964 845 2025 foeda
867 1967 972 2026 inisset

153 2046 244 2108 Passa
266 2051 458 2128 peregrinum
481 2057 587 2130 sponte
610 2049 765 2130 libensque
788 2049 892 2118 virum,

113 2130 178 2191 Non
202 2150 234 2193 se
258 2131 423 2196 debuerant
446 2137 474 2197 in
498 2144 622 2197 mortem
647 2152 701 2214 pro
724 2133 848 2198 munere

157 2216 215 2276 iarn
240 2220 335 2299 turpis
357 2221 453 2282 famae
476 2220 565 2282 miliia
588 2228 669 2282 tanta
692 2220 773 2282 dare.

111 2300 173 2360 Nec
196 2309 312 2379 poterat
335 2305 479 2364 mundum
502 2305 629 2383 Troiana
651 2305 736 2365 ruina
759 2303 863 2377 latere,
1029 2312 1081 2361 835

157 2385 291 2464 Undique
314 2388 391 2446 iarna
415 2387 501 2455 votat.
525 2387 614 2465 Troja
637 2405 691 2465 per
713 2405 765 2447 ora
788 2385 875 2447 labat.

112 2468 258 2527 Mirantur
280 2471 452 2547 quicunque
474 2467 572 2532 soient
592 2472 707 2531 ratione
728 2470 835 2549 potiri:

156 2549 309 2611 Narrantis
332 2551 439 2631 conjux
463 2554 572 2632 pendet
595 2553 631 2614 ab
654 2571 706 2614 ore
728 2556 791 2614 viri.

112 2633 210 2714 Troja,
235 2633 344 2704 ierunt,
369 2638 484 2708 cecidit,
509 2656 595 2717 quarn
619 2635 712 2716 gloria
735 2638 813 2701 celsa
835 2637 950 2711 levarit,

155 2721 341 2799 Magnificum
365 2740 455 2803 saepe
477 2741 585 2784 nornen
607 2723 645 2783 ad
667 2729 745 2784 astra
770 2722 844 2784 tulit.
1030 2732 1082 2783 840

113 2805 228 2876 Quanta
250 2814 419 2885 potentatus
440 2807 550 2869 tuerint
571 2808 698 2882 insignia
721 2806 829 2887 TroJ'ae

155 2891 217 2953 Nec
239 2891 365 2953 facunda
388 2899 487 2972 potest
508 2909 647 2973 promere
669 2889 768 2970 lingua
791 2891 878 2957 bene.

113 2975 185 3054 Ejus
207 2976 404 3039 inhorrebant
427 2978 526 3038 audito
549 2978 669 3037 nomine
691 2994 788 3054 reges,

158 3059 227 3138 Ejus
249 3061 284 3120 ad
308 3062 467 3140 imperinm
490 3071 699 3123 contremuere
722 3061 828 3131 duces:

182 3295 240 3344 825.
259 3295 351 3347 Ovidii
369 3303 413 3348 est
431 3296 541 3349 Metam.
560 3297 608 3355 VI,
630 3299 686 3348 ttr.
761 3296 820 3350 837.
839 3296 880 3348 38.
900 3295 950 3348 00.
969 3295 1037 3345 Her.
1056 3295 1080 3359 Ι,

113 3361 155 3414 29.
173 3362 214 3412 30.
281 3363 418 3416 Mirantur
431 3363 555 3439 justique
574 3378 661 3427 senes,
679 3364 858 3429 trepidaeque
876 3361 1002 3430 puellae:

61 3463 63 3469 ,
316 3431 462 3484 Narrantis
479 3431 580 3497 conjux
597 3431 700 3499 pendet
718 3431 755 3483 ab
772 3446 819 3483 oro
838 3432 898 3482 riri.

114 3495 173 3549 838.
191 3494 259 3549 Cod.
277 3495 428 3563 Oonjuunx.

826 3582 877 3634 13·
