2378 3810
396 159 459 209 Lib.
481 157 529 208 1v.
564 175 590 211 v.
608 160 751 211 aaa-raa.
996 160 1057 225 125

90 310 139 370 Sic
164 319 262 372 tamen
284 306 410 371 interius
432 319 465 371 ut
487 312 525 370 sit
547 310 712 372 substantia
735 310 834 374 mollis

133 395 273 457 Exterius
295 394 405 455 macies
428 412 544 464 carnea
557 391 692 472 pulchra'
705 398 804 456 nimis,

93 476 224 542 Exornat
245 481 362 558 digitos,
387 478 487 556 digitis
509 481 535 539 si
557 479 659 540 forsan
681 480 829 550 inhaeres,
1007 492 1056 540 695

133 566 225 626 Linea
249 563 371 633 directa,
394 563 497 634 lactea,
520 563 618 642 longa,
642 570 730 624 teres.

93 646 169 710 Huic
192 649 291 727 digitis
313 648 418 726 digitos
440 648 606 717 reflectere,
630 650 689 709 sive
712 647 837 708 reducto

133 732 244 793 Pollice
268 731 451 793 brachiolum
473 741 596 810 tangere
618 735 710 793 moris
732 741 811 802 erat;

92 817 154 878 Nec
176 819 283 876 minuit
304 815 407 877 laudes
430 816 509 895 quod
531 824 602 878 sunt
623 819 687 877 sine
710 815 848 876 sordibus
871 833 992 895 ungues,

134 901 214 971 Quos
237 918 352 977 nequeo
375 898 477 978 longos
500 899 545 961 vel
568 911 711 981 reputare
733 898 848 960 breves.
1006 912 1057 962 700

92 983 189 1046 Poma
210 983 406 1046 mamillarum
431 984 546 1045 modico
568 1002 710 1062 suspensa
733 993 852 1045 tumore

135 1069 307 1129 Producens
330 1068 430 1146 prodit
452 1076 565 1146 pectus,
589 1071 687 1148 imago
710 1069 793 1128 nivis.

92 1152 177 1214 Nulla
202 1150 325 1212 mollitie
349 1152 518 1230 dependent
539 1152 642 1222 lraota,
665 1153 716 1214 sed
739 1153 803 1231 ipsa

136 1237 251 1296 Duritia
274 1238 347 1295 easti
370 1238 466 1312 signa*
475 1236 598 1313 pudoris
620 1238 745 1304 habent;

72 1322 247 1397 ,virgineas
269 1328 348 1380 stare
372 1318 471 1380 videas
493 1322 633 1400 utrinque
655 1320 780 1401 papillas
1007 1331 1057 1381 705

136 1406 173 1466 Et
195 1404 284 1464 veluti
306 1421 438 1480 gemmas
459 1405 611 1466 irrutilare
633 1405 719 1467 duas.

95 1490 190 1561 Quum
215 1488 334 1549 dederit
353 1496 460 1550 natura
482 1488 565 1559 duas,
587 1508 636 1550 ars
659 1490 808 1550 demsarat
830 1506 929 1560 unam,

137 1573 194 1633 lret
216 1580 248 1632 ut
270 1572 307 1633 ad
330 1571 461 1651 gladium
483 1572 578 1633 libera
600 1574 703 1634 dextra
727 1589 842 1633 manus.

95 1657 159 1718 Nou
183 1663 263 1736 patet
284 1659 375 1717 immo
398 1659 470 1718 latet
492 1660 612 1719 niveum
634 1656 725 1728 latus,
741 1656 793 1718 ille
816 1655 921 1734 pugilli

135 1740 428 1818 Circumscriptibilis
451 1748 496 1801 est
518 1741 663 1801 brevitate
685 1740 778 1802 locus.
1008 1751 1058 1800 710

93 1825 157 1885 Non
181 1843 212 1884 se
236 1822 387 1894 distendit,
411 1842 467 1884 nee
489 1826 569 1884 enim
592 1842 624 1885 se
647 1824 796 1886 contrahit
817 1823 907 1894 alvus

136 1908 258 1969 Mollitie
281 1907 392 1977 tumida
415 1909 468 1969 sed
491 1907 568 1968 bene
590 1910 654 1970 fusa
676 1909 770 1970 sedet.

94 1993 137 2054 Ad
161 2000 277 2071 tergum
301 2001 448 2053 vertamus
470 1994 536 2072 iter,
559 1996 644 2072 quasi
666 1996 750 2073 pinea
775 1992 869 2053 malus

137 2077 208 2146 Stat,
232 2077 309 2137 bene
331 2077 466 2138 membra
488 2077 556 2138 sibit
569 2079 738 2141 continuata
761 2086 877 2139 tenens.

94 2161 197 2223 Partes
219 2161 350 2222 occultas
373 2181 432 2224 non
456 2171 500 2223 est
521 2162 643 2224 laudare
663 2182 795 2232 necesse,
1008 2172 1057 2222 716

137 2246 237 2306 Penna
260 2249 389 2307 nativam
412 2265 468 2307 neo
490 2265 628 2308 reserare
651 2265 760 2309 seram.

103 2330 224 2391 Caetera
248 2348 323 2410 quae
346 2328 464 2390 laudem
486 2331 615 2406 pariunt,
640 2330 793 2392 reticendo
815 2330 990 2409 loquuntur,

142 2413 178 2473 Et
200 2414 353 2473 recitando
376 2422 477 2474 tacent
498 2412 572 2474 liaeo
595 2415 663 2492 quia
684 2414 771 2474 lande
795 2416 903 2491 vigent.

56 2556 58 2559 .
100 2499 203 2576 Aptius
226 2496 299 2558 haec
321 2499 426 2568 anima·
441 2499 554 2574 poterit
575 2515 662 2576 quam
685 2497 786 2576 lingua
808 2498 904 2569 lateri,

141 2582 205 2641 Non
229 2579 315 2640 decet
337 2579 487 2640 interdum
510 2579 625 2658 singula
648 2581 736 2643 rerba
758 2582 849 2663 loqui.
1011 2599 1060 2648 720

98 2664 228 2726 Candida
252 2682 285 2723 se
307 2663 448 2740 gracilem
472 2664 622 2744 protendit
644 2666 726 2736 tibia,
750 2669 826 2728 raris

137 2750 159 2808 Α
182 2748 314 2807 latitante
337 2766 416 2827 genu
438 2749 579 2812 carnibus
601 2768 667 2812 ossa
690 2758 810 2829 tegens;

165 2952 222 3000 699.
242 2950 292 3000 Ov.
310 2951 362 3000 Ars
380 2951 402 3012 Ι,
421 2951 470 3001 519
505 2983 538 2992 -
555 2977 588 2989 -—
606 2957 633 3003 et
651 2955 706 3004 sint
725 2954 785 3006 sine
804 2957 930 3008 sordibus
948 2973 1053 3022 ungues

96 3020 153 3068 701.
171 3017 276 3068 Alanus
295 3017 452 3071 Antiolaud.
472 3017 520 3072 lib.
538 3018 560 3070 1.
578 3037 604 3085 p.
624 3023 663 3071 11.
683 3021 732 3071 lin.
752 3024 776 3077 6.
846 3026 903 3080 702.
922 3029 947 3077 3.
976 3026 1057 3076 Alan.

95 3086 160 3135 ibid.
179 3085 226 3135 lin.
244 3088 268 3135 8.
288 3087 312 3135 9.
331 3086 378 3134 ubi
397 3090 489 3135 tamen
507 3085 620 3138 ultimus
638 3103 734 3139 versus

162 3148 270 3202 Duritia
289 3153 393 3218 proprii
411 3153 568 3230 describunt
587 3156 668 3221 signa
685 3157 804 3222 pudoris.

95 3237 304 3355 {lss'ssfflffiare
322 3253 371 3302 pro
391 3237 450 3288 cod.
470 3237 596 3290 reserare.
700 3242 757 3292 717.
786 3241 865 3293 Alan.
888 3243 907 3293 l.
928 3260 952 3294 c.
971 3260 997 3308 p.
1019 3247 1059 3297 11.
1119 3276 1121 3281 <

107 3319 143 3353 m.
163 3347 261 3423 cetera
281 3374 343 3437 quis
359 3375 451 3424 nescit
469 3373 581 3424 meliora
598 3374 685 3425 latere
703 3377 754 3426 sub
772 3377 833 3428 istis

163 3439 282 3499 Quorum
301 3441 361 3491 sola
379 3447 479 3506 gerunt
497 3441 599 3506 placidi
618 3443 765 3508 praeludia
782 3445 888 3497 vultus.
