2378 3810
416 184 481 234 eru.
500 183 547 232 vr.
584 199 608 237 v.
628 185 772 237 cir-cro.
1019 179 1081 243 189

110 335 161 396 Sic
182 336 273 412 igitur
296 335 434 395 statuisse
457 333 567 404 volunt,
592 344 632 405 ut,
657 335 774 415 quando
798 338 921 405 veniret,

154 418 223 480 Vela
246 420 417 479 levarentur
439 419 549 487 omnia,
573 421 673 498 quinta
696 420 768 480 dies,

107 504 295 581 Propositum
318 503 376 564 tale
400 505 523 563 mutatio
546 503 674 565 destruit
696 522 795 573 aurae,

151 585 314 648 Sollicitum
338 589 437 648 raucis
460 607 530 648 nam
554 605 635 648 mare
657 588 750 648 servet
774 591 875 665 aquis;

107 671 239 750 Tempus
261 674 340 733 enim
364 673 431 750 quia
455 691 509 751 per
532 671 652 751 aliquod
677 675 767 733 maris
790 676 834 734 ira
856 672 1006 734 fremebat
1028 683 1078 731 645

151 755 215 817 Non
239 764 377 835 poterant
399 756 475 818 dicta
499 754 561 816 vela
585 757 685 818 levare
708 758 766 817 die.

341 920 549 990 [POLYXENA
566 920 845 990 lurunnlciuuun

110 1025 164 1088 ldst
185 1026 261 1105 apud
284 1028 413 1087 Aeneam
437 1034 550 1087 servata
574 1026 733 1106 Polyxena,
757 1027 871 1105 Pyrrho

151 1109 185 1170 ln
208 1110 368 1172 thalamum
393 1111 500 1171 mentis
523 1110 585 1190 ejus
606 1112 703 1187 imago
727 1111 814 1171 cadit.

111 1193 216 1256 Nonne
238 1213 305 1256 meo
327 1197 404 1274 patri
426 1196 483 1256 luit
505 1194 578 1259 haec
600 1197 715 1255 occasio
739 1198 844 1255 mortis

154 1277 278 1356 Cogitat,
302 1288 331 1339 et
352 1280 451 1340 studio
473 1280 604 1358 pectoris
625 1281 681 1339 iste
704 1286 790 1339 rotat.

110 1363 270 1442 Tempore,
295 1380 354 1440 quo
377 1364 486 1424 Priami
508 1364 564 1424 luit
586 1382 601 1423 a
626 1381 672 1423 me
695 1365 776 1441 regia
800 1364 890 1425 lracta
967 1428 969 1431 .

154 1447 236 1507 llanc
257 1447 299 1507 ibi
324 1465 383 1509 nou
406 1448 475 1517 vidi,
500 1450 669 1526 reperietur
692 1448 760 1508 ubil

109 1531 134 1592 0
155 1533 371 1609 Agamemnon!
396 1533 433 1592 ait
457 1531 492 1592 ad
516 1550 628 1609 regern.
652 1552 712 1613 quo
735 1542 834 1593 tamen
857 1542 943 1594 antro

151 1615 232 1677 llaec
254 1615 349 1678 latitat
372 1619 453 1694 virgo
476 1617 604 1696 condita,
627 1619 704 1676 scire
727 1615 802 1676 volo.

108 1699 173 1761 Non
197 1701 317 1760 memini
342 1720 389 1761 me
411 1703 503 1778 patris
527 1719 590 1760 eam
614 1701 719 1760 vidisse
743 1700 938 1776 squamma,
1045 1713 1055 1739 ⁷

150 1783 211 1844 Nec
234 1786 306 1853 scio,
330 1785 407 1864 quod
433 1785 531 1845 tulerit
553 1784 674 1845 Hecuba
698 1794 794 1844 mater
818 1803 893 1844 eam.

109 1868 246 1946 Undique
269 1887 323 1929 rex
347 1873 464 1945 quaerit
486 1887 541 1948 pro
566 1870 689 1945 virgine,
713 1869 824 1928 mentio
847 1871 944 1946 surgit

151 1951 232 2030 Quod
256 1955 297 2013 sit
319 1953 356 2015 ab
379 1957 483 2033 Aenea*
500 1952 608 2013 tradita
633 1955 718 2030 virgo
740 1955 829 2029 patri.

108 2037 170 2098 Rex
196 2044 278 2097 vocat
299 2039 438 2098 Aeneam.
484 2038 542 2098 Cur
566 2056 619 2097 nos
645 2043 741 2098 Aenea
766 2037 889 2114 fatigas?

151 2119 261 2191 intulit,
286 2129 318 2181 ut
341 2123 445 2192 veniat,
469 2120 554 2201 pelle.
579 2120 688 2201 puella,
713 2139 822 2182 moras.

108 2207 224 2266 Aeneas
245 2208 320 2284 petit
342 2206 514 2274 Anclrisern3
538 2205 713 2282 virguncula
738 2207 845 2284 prodit,

158 2291 280 2350 llucitur
303 2289 339 2350 ad
362 2307 463 2368 regem
488 2300 573 2351 certa·
590 2289 690 2350 subire
712 2308 826 2349 necem.

89 2372 172 2434 lter
195 2373 310 2454 Pyrrho
332 2383 501 2452 praesentat
528 2392 601 2442 eam,
625 2377 771 2434 sententia
796 2372 901 2451 l'yrrlri

150 2457 239 2518 Extat
260 2465 293 2518 ut
314 2460 470 2519 interitum
495 2461 588 2536 patris
611 2459 725 2533 etipsa
749 2457 820 2518 luat.

110 2541 283 2602 lletrohitur
305 2553 427 2611 moesta,
451 2545 603 2621 scissaque
625 2541 772 2621 Polyxena
798 2540 882 2619 palla,

150 2624 187 2685 Et
209 2633 297 2686 nocet
319 2625 440 2688 alterius
464 2645 523 2686 oon
547 2645 597 2686 sua
622 2624 708 2702 culpa
732 2625 801 2685 sibi.

110 2709 154 2770 td
179 2711 305 2788 patrium
326 2710 441 2789 jugulat
463 2712 623 2770 detractam
645 2711 704 2771 tiro
726 2710 906 2788 sepulcrum,

63 2798 69 2809 ‘
153 2793 270 2855 Occidit
293 2794 350 2856 hoc
373 2797 482 2855 misero
506 2796 587 2871 regia
611 2797 694 2871 virgo
718 2795 816 2853 modo.

110 2877 173 2938 llex
196 2877 405 2939 Anclrisiadom
428 2897 482 2958 pro
506 2879 605 2939 clausa
629 2880 743 2956 virgine
766 2876 873 2956 culpat,

154 2961 210 3033 Qui
230 2961 314 3040 jubet
337 2971 367 3022 ut
390 2964 484 3030 cedat,
508 2964 599 3023 altera
623 2981 714 3040 regna
739 2969 830 3040 petat.

273 3109 407 3179 [POETA
425 3109 614 3175 LOQUITUR
631 3108 680 3162 DE
698 3108 808 3162 LIBRO
827 3107 915 3174 SUO]

110 3214 241 3292 Virginis
264 3225 389 3294 apertu
413 3215 471 3276 duc
492 3234 586 3276 annos
609 3215 687 3275 mille
711 3215 855 3275 ducentos

153 3299 190 3360 Et
211 3299 417 3379 quadragenos
440 3300 487 3360 liis
503 3299 648 3369 ,sociando
671 3316 785 3369 norem,

111 3419 315 3428 -—-—-——-—-..

179 3469 236 3520 658.
257 3467 348 3519 Schol.
362 3466 510 3519 Anchisae.
552 3469 612 3517 672.
632 3468 777 3534 Lappenb.
795 3465 950 3532 superadde
969 3481 1080 3515 nouem.
