2378 3810
1016 119 1078 183 203

112 271 187 343 Quid
211 271 383 332 stenelum?
406 272 476 351 quid
500 271 703 333 Testoridam‘t
725 273 796 350 quid
812 271 1059 335 ›Prothesilauml

155 355 232 426 Quid
256 357 384 416 referam
409 355 521 434 plures,
545 373 619 432 quos
641 374 692 417 sna
716 357 926 418 famarefert?

113 441 185 511 Quis
207 438 352 519 Dolopes?
375 444 440 520 quis
462 441 672 502 Mirmidonesl
695 442 761 518 quis
784 441 911 517 denique
934 452 1058 502 eunotos

153 527 356 602 GraJugenum
380 542 521 603 proceres
544 525 733 586 dinumerare
755 526 861 604 queat?

112 609 246 670 Tandem
269 628 321 669 rex
347 610 478 670 Danaum
502 613 647 686 pervim,
672 610 834 688 perlaeta,
858 627 912 687 per
935 608 1005 669 illud
1030 619 1079 666 145

140 692 321 753 vPalladium
345 693 463 772 Trojam
488 706 554 773 post
576 695 634 755 duo
657 692 749 755 lustra
774 696 860 773 capit.

111 778 174 838 Hac
198 780 292 854 igitur
315 788 409 857 capta,
434 779 486 839 sed
510 779 623 847 iraude.
647 779 697 840 sed
721 789 794 848 arte,
819 779 869 839 sed
893 777 999 847 armis;

152 861 229 922 Hinc
253 865 404 937 perimunt
426 863 575 924 Priamum
598 864 821 943 Priamidasque
843 861 942 923 simul.

114 946 193 1008 Neve
216 954 274 1005 stet
296 947 381 1007 urbis
401 947 506 1017 honos,
529 949 682 1008 devastant
704 954 820 1009 caetera
843 966 993 1028 quaeque;

154 1029 371 1106 [duumviros
394 1034 473 1092 aries
496 1033 622 1101 moenia,
645 1040 722 1093 tecta
745 1049 844 1110 rogus.
1029 1039 1078 1089 155

110 1114 194 1185 Quod
208 1122 305 1175 tamen
318 1115 390 1176 urbs
403 1123 488 1194 capta
500 1125 554 1190 est,
569 1116 646 1195 qnod
660 1117 744 1197 ricta,
757 1114 836 1195 quod
851 1115 967 1185 obruta,
982 1125 1076 1176 totum

154 1203 225 1272 Arte
248 1195 341 1260 Sinon
364 1203 447 1280 parri
471 1199 587 1277 ligneus
611 1201 668 1277 egit
691 1219 792 1278 equus.

113 1283 242 1354 Viribus,
266 1293 339 1354 arte,
363 1286 460 1355 minis,
486 1285 616 1345 Danarim
640 1283 718 1345 clara
742 1283 830 1363 Troja
854 1286 949 1344 ruinis

69 1375 81 1401 ¹
157 1371 248 1428 Annis
271 1367 317 1429 bis
340 1371 439 1448 quinis
461 1371 493 1429 lit
515 1387 606 1447 rogus
629 1377 716 1448 alque
738 1371 829 1430 sinist

109 1451 186 1513 Urlrs
209 1452 286 1512 hona
309 1471 389 1514 nunc
412 1454 493 1515 dumi
517 1456 541 1514 vi
565 1454 711 1524 flammae,
736 1454 855 1516 turbine
877 1455 951 1515 lumi
1029 1464 1078 1511 155

107 1585 109 1591 .
152 1536 216 1596 Non
239 1539 279 1597 ita
303 1542 439 1599 consumi
462 1539 558 1614 digna,
584 1540 695 1600 resedit
717 1540 826 1620 humi„

109 1621 189 1681 Nutu
212 1622 340 1682 Junonis
363 1631 392 1682 at
414 1624 508 1702 iniqui
531 1622 636 1683 iraude
658 1623 786 1691 Sinonis,

153 1705 294 1784 Clamque
318 1705 392 1767 datis
414 1706 500 1767 donis
524 1705 683 1786 exspoliata
706 1705 792 1766 bonis

116 1789 252 1868 Sponsus
273 1789 438 1871 Penelopes
461 1809 565 1870 passus
588 1809 686 1859 mare,
709 1798 857 1858 monstra,
882 1791 1033 1870 Cyclopes,

157 1873 323 1935 Transtulit
346 1875 381 1935 ad
406 1875 533 1955 Dolopes
555 1876 765 1936 Laomedontis
787 1891 869 1954 opos.
1029 1885 1078 1933 160

111 1957 244 2018 Flamma
269 1959 353 2020 Paris
376 1962 498 2038 patriae,
523 1960 637 2021 lormae
660 1978 719 2039 quo
739 1957 840 2038 judice
864 1958 942 2034 diae,

155 2041 246 2121 Troja
269 2053 359 2123 caput
381 2043 534 2124 Phrygiae,
557 2044 672 2123 llosque
691 2043 771 2124 jacet
793 2046 888 2105 Asiae.

111 2127 258 2188 lunonem
282 2129 380 2197 laedit,
405 2131 511 2190 Veneri
534 2149 601 2191 oum
623 2139 725 2210 pastor
748 2129 858 2200 obedit,

151 2211 224 2272 Cum
247 2211 337 2291 judex
360 2214 438 2274 sedit
461 2223 505 2276 tot
527 2215 583 2276 tibi
607 2215 713 2276 damna
738 2214 827 2275 dedit.

112 2294 155 2355 Ne
178 2299 245 2373 quis
268 2306 347 2359 amet
369 2306 481 2358 temere
504 2299 591 2358 donet
613 2298 718 2359 obruta
743 2296 832 2375 Troja
855 2315 968 2367 cavere,
1029 2307 1076 2355 555

152 2378 232 2449 Quae
255 2380 377 2440 Paridis.
392 2380 506 2441 scelere
528 2383 561 2440 lit
584 2379 657 2441 nilril
681 2380 793 2459 absque
816 2381 890 2438 lere.

71 2535 75 2541 ι
112 2462 269 2523 Priamidis
291 2459 408 2523 lacerae
430 2481 592 2542 regumque
617 2463 725 2523 domus
748 2464 896 2524 cecidere.

153 2547 263 2607 Turres
285 2548 460 2608 innumerae
484 2565 563 2607 nuno
587 2544 657 2608 ubi?
680 2544 736 2606 sub
759 2548 871 2608 cinere.

113 2629 240 2692 Palladis
263 2632 428 2708 armigerae
451 2649 510 2709 quo
533 2630 641 2710 templa
666 2631 830 2709 domusque
853 2632 947 2699 luere,

154 2716 327 2777 Extendunt
348 2715 477 2778 hederae
500 2716 622 2778 brachia
645 2714 762 2794 lenta*)*
781 2718 856 2776 1555.
1029 2725 1077 2774 555

113 2801 208 2880 Rapta
231 2800 413 2879 Tyndaridis
436 2802 517 2862 luror
540 2810 586 2862 est
607 2818 751 2861 aecensus
772 2801 882 2861 Atridis

155 2884 295 2962 Bellaque
317 2885 497 2947 Dardanidis
520 2888 611 2946 movit
633 2903 717 2946 amor
739 2884 867 2945 Paridis.

108 2968 227 3031 Pelliois
249 2969 416 3031 obscoenae
439 2973 600 3032 commovit
621 2971 716 3030 lorma
739 2969 874 3030 Lacenae

152 3054 184 3114 In
208 3055 305 3116 scelus
328 3055 440 3115 elirene
462 3062 584 3131 pectora
606 3052 803 3132 Troiugenas,

110 3137 158 3198 Sic
181 3141 272 3200 155155
294 3137 424 3201 Η515555
447 3141 504 3200 luit
527 3142 624 3200 exitus
645 3138 730 3200 urbis
752 3155 903 3206 amoenae,
1028 3146 1076 3193 555

152 3221 264 3293 Crines,
288 3222 374 3294 eolla,
396 3241 491 3302 genae
514 3232 681 3302 cunctaque
704 3231 800 3284 comta
824 3221 911 3282 bene.

176 3403 200 3468 ')
220 3403 285 3456 (lod.
307 3407 402 3458 lustra.
