2378 3810
418 153 480 204 Lib.
500 153 551 204 ΙΙΙ.
587 172 614 205 v.
632 156 776 207 aet-564.

111 308 212 373 Patrii
236 306 311 376 Non,
336 313 385 366 lua
407 305 581 384 projicietur
604 308 635 366 in
658 325 726 367 arva
750 306 805 368 sub
828 309 892 370 istis

158 393 261 456 corvis
285 399 315 451 55
337 389 461 450 canibus
484 389 675 451 dilacerando
698 409 778 452 caro.

112 480 175 541 Nec
197 494 290 545 mora,
314 473 414 552 regale
438 473 606 551 percellens
629 475 754 553 cuspide
776 483 889 554 guttur,

157 562 237 623 11555
260 559 296 619 (15
318 556 447 619 Patrocli
469 559 585 628 sunere,
610 558 692 627 dixit,
716 560 808 629 habe;
1033 571 1086 620 545
1133 572 1137 577 ’

114 647 151 708 Et
173 647 210 707 de
233 643 388 705 funeribus
412 642 485 713 aliis,
510 661 586 722 quae
609 645 689 704 misit
711 644 748 704 ad
771 663 873 708 amnes

109 741 113 749 ·
156 730 180 791 Ε
203 730 313 790 nostris
335 727 455 807 populis
477 727 551 789 haec
573 735 623 788 tua
647 729 750 790 dextra
773 729 882 810 Stygis.

113 816 240 894 Palpilat
263 814 313 873 hio
335 815 523 890 animamque
546 831 668 874 vomens
689 815 720 875 in
744 816 887 894 sanguine

157 899 200 960 Ad
222 898 434 976 Phlegelonlea
456 898 573 973 cogitur
596 900 642 958 ire
665 898 746 959 vada.

113 983 236 1046 lnielixl
260 990 369 1061 quanta
393 979 507 1057 glossae
528 983 638 1042 virtute
662 986 787 1061 parasti!
1031 981 1089 1042 555

156 1068 236 1138 Quas
257 1067 313 1128 tibi
336 1064 456 1126 delicias
478 1064 579 1126 fratris
602 1067 696 1126 amica
719 1068 814 1128 dedit!

117 1152 189 1224 Quis
212 1157 305 1212 status
329 1157 374 1211 555
395 1148 506 1219 mundi,
530 1150 671 1211 meretrix
695 1169 770 1229 quae
794 1153 882 1230 digna
907 1154 1033 1213 cremari

157 1239 215 1298 Tot
237 1235 307 1296 15515
328 1251 470 1314 proceres
492 1242 593 1314 totque
615 1236 715 1314 perire
739 1236 846 1307 duces;

113 1321 149 1382 Et
171 1340 230 1382 non
253 1320 378 1380 invitos?
401 1318 492 1378 Video
514 1319 594 1398 quod
618 1328 724 1398 sponte
747 1321 891 1382 subibant

157 1405 267 1466 Bellica
290 1403 415 1482 suplicia
438 1421 493 1483 pro
517 1404 642 1464 muliere
666 1405 752 1466 mala.
1031 1413 1083 1463 555

112 1490 252 1552 Exultant
274 1490 378 1558 Danai,
403 1487 559 1568 deplorant
581 1486 708 1549 Hectora
732 1489 836 1550 Troes*

157 1574 327 1652 Plangendo
350 1572 441 1633 celeri
465 1571 640 1633 consuluere
664 1573 760 1651 fugae.

114 1659 228 1720 Graeca
250 1658 380 1738 phalanx
402 1657 544 1736 sequitur,
569 1656 605 1718 ad
627 1667 744 1736 portam
767 1659 905 1719 Memnon
929 1658 1039 1718 eisdem

156 1742 262 1805 Obviat
284 1750 314 1803 et
335 1740 468 1820 Phrygii,
492 1758 591 1820 pugna
613 1742 646 1801 fit
668 1744 745 1811 acris
767 1742 819 1804 ibi.

113 1827 228 1888 Mixtim
253 1826 427 1895 caeduntur,
450 1825 570 1885 landem
593 1843 652 1885 nox
674 1825 771 1886 sidera
795 1827 908 1905 spargit
1032 1834 1083 1884 555

156 1910 271 1972 Bellum
295 1911 466 1989 compescit,
489 1911 520 1968 in
544 1928 596 1969 sua
620 1912 745 1990 quisque
767 1912 856 1972 redit.

163 2055 338 2113 ACHILLES
358 2055 485 2110 OCCISO
503 2026 674 2110 HECTORE
693 2057 804 2112 REDIT
823 2057 862 2112 IN
881 2055 1030 2114 CASTRA.

117 2164 241 2225 Saucius
264 2170 293 2223 et
314 2164 411 2223 fessus
434 2163 462 2221 in
487 2172 583 2223 555555
605 2181 743 2224 reversus
765 2163 901 2234 Achilles,

159 2249 320 2310 Corruerat
343 2248 482 2324 quoniam
507 2247 652 2308 maximus
674 2247 776 2317 hostis,
800 2259 875 2308 ovat.

113 2333 192 2395 llicit
215 2332 362 2392 Homerus
386 2348 453 2391 eum
476 2334 600 2391 traxisse
623 2348 686 2408 per¹
700 2349 768 2392 arva
790 2330 937 2392 misellum

156 2417 240 2478 Busti
263 2414 410 2495 majorum
434 2415 596 2475 circuendo
619 2416 727 2485 locum,
1029 2423 1080 2473 555

112 2501 279 2579 Praecipue
302 2517 373 2560 vero
396 2497 532 2572 Patrocli,
558 2498 807 2577 cujusAchillem

154 2586 234 2646 Mors
257 2584 346 2644 nimis
369 2585 494 2652 exussit;
519 2584 615 2644 lenior
636 2583 706 2644 inde
728 2584 791 2654 luit,

113 2668 272 2747 Quumque
295 2667 404 2729 malum
428 2676 549 2748 propter
572 2665 647 2728 mala
671 2666 764 2730 multa
786 2668 936 2748 receperit
957 2668 1049 2728 imum

154 2752 199 2813 1111
222 2751 377 2832 probrosis
398 2752 602 2832 impejerando
625 2755 713 2815 notis.

180 2906 228 2955 537
248 2918 287 2968 sq.
306 2903 456 2969 Epitomat.
474 2906 533 2956 991.
552 2905 585 2955 98

216 2971 255 3020 Τ5
273 2986 340 3022 vero
358 2971 508 3036 tristesque
527 2973 601 3023 15555
618 2976 788 3037 cunctaeque
805 2971 931 3022 volucres

214 3038 372 3104 Deripient,
393 3038 520 3102 avidique
540 3055 623 3092 cenes
642 3042 817 3092 5555155555
836 3040 958 3104 pascent.

111 3108 169 3157 542.
190 3106 279 3172 stygis
306 3121 355 3172 pro
385 3107 443 3156 cod.
465 3111 570 3171 stygos.
656 3109 714 3158 545.
733 3107 826 3158 (11555.
847 3104 953 3158 (1155515
977 3104 1081 3156 femine

110 3175 187 3226 51555
206 3174 268 3224 fuit.
279 3200 313 3209 -
325 3172 436 3224 Helena
447 3189 516 3223 uxor
529 3174 624 3226 fratris
637 3175 754 3225 Paridis.
806 3175 865 3227 556,
878 3173 999 3237 Epitom.
1015 3175 1080 3224 1007

230 3242 388 3292 Laetantur
405 3241 506 3302 Danai,
526 3241 664 3307 plangunt
682 3258 732 3292 sue
750 3242 851 3293 funera
869 3242 957 3292 Troes

62 3331 72 3349 ·
111 3310 170 3361 555.
190 3308 241 3360 Or.
260 3308 328 3358 Met.
347 3324 402 3358 nox
421 3307 527 3359 coelum
546 3316 688 3374 sparserat
706 3309 798 3360 astris.
868 3311 925 3362 559.
944 3308 1081 3359 Homerus

108 3378 129 3428 i.
148 3392 171 3427 5.
191 3377 311 3443 Epilom.
332 3391 356 3429 v.
377 3376 442 3426 1010
459 3389 519 3439 sqq.
537 3375 608 3428 15555
625 3380 730 3428 narret.
799 3378 857 3431 560.
876 3375 995 3427 excessit
1011 3391 1080 3425 mer-

109 3439 184 3510 ginis
203 3443 327 3495 scholion
345 3457 407 3508 per:
426 3444 644 3507 ‚‚conturbevit“
663 3444 824 3511 explicetur.
