2378 3810
59 187 62 192 ,
121 133 162 198 90
424 133 488 187 nat.
506 133 567 187 nt·
591 149 617 183 v.
636 133 780 186 aes-aee.

120 286 240 349 Addidit
262 287 293 345 in
315 287 373 346 tine
397 285 567 346 miseranda
589 304 644 364 pro
666 305 758 365 prece
781 288 876 367 patris
1038 296 1090 347 565

162 371 318 434 aeacidem
341 371 430 431 iunus
452 371 619 431 restituisse
643 373 730 450 patri.

120 456 189 519 Sole
213 456 349 515 trahente
372 454 459 523 diem,
483 453 612 532 depulsis
635 455 765 536 undique
790 454 892 524 stellis,

164 541 301 602 Memnon
322 539 398 599 bella
420 538 554 619 Phryges
576 538 612 599 ad
635 540 765 600 rediviva
789 539 888 609 trahit,

120 627 180 696 Sic,
204 643 242 685 ne
264 622 440 702 perdiderit,
463 640 522 684 non
546 632 642 684 cessat
664 624 792 703 perdere
814 623 911 685 lusor:

163 711 200 770 Et
222 715 341 769 revocat
363 706 484 786 cupidas
508 707 542 768 ad
567 725 618 768 sua
643 707 750 770 danrna
772 726 888 770 manus.
1038 717 1092 766 570

120 794 179 855 l‘ax
203 794 300 871 placet
323 793 452 861 Atridae,
476 793 568 852 mittit
589 809 644 869 pro
667 811 740 872 pace
763 792 907 872 peteuda;

164 877 224 937 Pax
247 878 333 937 datur
358 883 386 936 et
407 894 526 936 menses
549 876 636 938 duret
660 885 690 938 ut
713 875 762 936 illa
785 877 869 940 duos.
904 875 907 881 ’

120 963 236 1023 Interea
260 961 366 1030 studio,
391 960 536 1039 fierique
560 960 672 1029 debuit,
697 979 800 1022 omnes

163 1046 299 1107 Officium
321 1046 422 1105 stratis
445 1044 597 1123 exequiale
620 1044 739 1105 dabant.

119 1124 269 1199 Quaedam
285 1148 355 1191 vero
371 1137 512 1198 cremant,
530 1139 559 1190 et
574 1129 718 1208 quaedam
734 1148 860 1210 corpora
876 1127 1021 1204 tumbant,
1036 1138 1087 1190 575

161 1214 312 1277 Plenando
336 1232 457 1294 campos
480 1214 516 1274 ad
539 1233 613 1274 nova
637 1210 714 1276 bellai
737 1222 853 1294 parant.

361 1393 423 1448 Hic
441 1394 588 1449 HECTOR
605 1394 849 1450 TUMULATUR,

119 1519 249 1580 Hectore
273 1515 387 1596 dejecto
410 1515 571 1577 lamentum
595 1517 711 1594 Troica
725 1516 819 1596 pubes

163 1602 200 1662 Et
222 1600 381 1679 planctum,
404 1600 495 1680 Troja
517 1603 556 1662 sit
577 1605 646 1680 qnia
670 1602 772 1668 fracta,
797 1601 881 1661 levat.

119 1688 195 1747 Ante
218 1689 298 1746 tores
320 1684 427 1763 Trojae
450 1703 557 1764 magno
579 1682 746 1761 lit'honore
768 1685 969 1764 sepulchrum,

163 1771 218 1830 llic
240 1773 365 1831 nimium
389 1769 523 1831 lacerans
546 1770 673 1831 Teucria
696 1788 805 1847 corpus
828 1771 939 1830 immet.
1036 1778 1088 1828 580

120 1855 202 1916 More
224 1873 278 1915 suo
303 1854 434 1916 tumbam
459 1855 646 1916 circumdant
668 1854 795 1915 lunebre
817 1853 897 1914 ludo.

163 1940 214 2001 Est
238 1939 298 2007 uhi,
323 1958 409 2018 quem
433 1940 531 2000 timuit
554 1940 698 2000 maximus
721 1938 802 1999 orbis
825 1938 934 1998 homoi

361 2101 423 2156 mc
441 2101 661 2156 rannunons
678 2102 739 2158 nir
757 2080 856 2157 nnn¹

119 2225 184 2286 Non
208 2234 304 2285 cessat
327 2220 424 2286 medio
445 2223 618 2285 Palamedes
640 2232 783 2304 tempore,
808 2243 924 2286 causam

162 2309 355 2370 Praeteritam
378 2317 513 2379 renovat,
537 2309 710 2372 ambitiosus
734 2319 807 2374 crat.

118 2394 269 2456 Convocat
292 2394 339 2453 hic
362 2395 502 2474 populum
526 2411 616 2472 super
639 2396 775 2474 imperio,
799 2396 965 2474 recitatque
1036 2401 1087 2450 585

163 2479 283 2556 lmperii
308 2478 433 2558 cupidus
456 2479 552 2538 omnia
576 2478 653 2539 dicta
676 2480 770 2556 prius.

118 2562 201 2623 luter
224 2569 342 2623 ventosa
365 2562 462 2642 plebis
484 2563 623 2641 suffragia
646 2561 739 2623 cornu

162 2645 297 2706 Ambitus
321 2648 408 2707 etiam
432 2647 560 2708 floritio
584 2649 637 2708 ora
659 2647 776 2708 ducum.

187 2885 244 2934 565.
263 2881 359 2933 melius
383 2882 416 2931 ob
439 2885 553 2931 metrum
579 2898 627 2946 pro
645 2882 744 2933 Adicit.
780 2884 859 2933 Haec
876 2885 971 2933 narret
988 2881 1088 2946 Epito-

118 2955 214 3006 mutor.
233 2966 259 3001 v.
279 2952 343 3002 1031
363 2963 422 3013 sqq.
491 2951 549 2998 567.
568 2949 678 3016 Margo:
697 2951 794 3015 Pugno
811 2951 849 3016 xj.
868 2950 919 3002 Ov.
938 2950 975 3014 11,
996 2951 1046 2999 154

305 3045 339 3054 -
357 3042 389 3052 -
407 3021 456 3067 out
473 3017 591 3066 medinm
610 3017 666 3068 sole
684 3022 797 3069 tenente
815 3017 894 3069 diem.

116 3087 177 3138 569.
198 3087 237 3136 70.
257 3084 307 3135 Ov.
326 3085 377 3135 Ars
395 3085 453 3136 Am.
472 3086 494 3145 1,
511 3086 571 3135 451.
592 3087 624 3135 52

85 3174 88 3179 ·
238 3151 293 3214 Sic,
312 3167 344 3201 ne
362 3151 520 3217 perdiderit,
540 3167 594 3202 non
613 3156 705 3204 cassat
723 3153 839 3218 perdere
857 3152 946 3206 lusor:

271 3221 307 3269 Et
325 3223 438 3270 revocat
457 3219 571 3284 cupidas
590 3219 653 3270 alea
671 3220 776 3270 blando
793 3235 900 3271 manua.

115 3290 176 3339 572.
195 3290 301 3352 Margo.
335 3287 395 3336 Pax
417 3288 453 3337 vu
477 3287 590 3337 duorum
612 3303 754 3338 annorum.
778 3288 827 3339 sed
846 3303 1002 3353 perperam,
1024 3301 1089 3337 nam
1124 3333 1135 3352 ‚

116 3357 251 3407 mensium
269 3354 414 3420 legendum
434 3359 484 3406 est.
553 3356 611 3406 575.
631 3354 697 3406 Cod.
714 3371 808 3422 pupes.
879 3357 937 3407 587.
955 3354 1090 3421 marginis

115 3424 252 3478 scholion.
279 3425 364 3475 verbe
383 3423 548 3474 ambitionis.
