2378 3810
514 109 667 162 Praefatio,
1036 126 1074 173 χι

110 267 206 408 {usius
234 272 262 324 et
288 262 431 343 prolixius
459 263 495 324 de
520 263 717 326 Amazonibus
743 264 907 326 secundum
936 264 1078 334 Orosium

124 351 260 429 oquitur:

132 449 218 521 „Nou
241 466 324 509 meus
345 448 394 510 bic
416 464 526 525 sermo,
548 457 675 510 testatur
697 448 819 509 Orosius
841 450 906 519 ista,

174 532 264 612 Cujus
287 532 397 593 babent
420 535 539 612 plenam
562 535 677 611 singula
699 532 790 593 verba
814 533 933 593 lidem‘.

200 652 242 711 lle
265 649 454 711 Penthesilae
476 660 615 722 sornatu,
644 651 740 712 forma
768 659 798 713 et
824 652 934 727 figura,
962 649 1074 729 majore

112 743 145 796 ut
166 736 282 795 videtur
304 734 412 812 gaudio
436 744 465 794 et
486 734 577 805 tudio,
602 753 690 815 quam
713 733 824 796 clerico
844 753 898 815 par
915 742 969 806 est,
993 734 1074 795 etde

115 818 328 881 festivitatibus
366 821 397 879 in
435 819 580 880 honorem
624 821 747 896 reginae
785 819 935 900 loquitur,
975 819 1074 879 aulaea

112 903 257 965 describit
279 914 308 963 et
330 903 361 961 iu
384 904 444 965 illis
467 907 636 965 universum
665 902 744 965 illius
771 905 915 982 temporis
936 903 1074 965 scientia·

112 1005 180 1048 rum
209 987 352 1048 ambitum
383 989 576 1067 interspersis
605 987 712 1048 labulis
741 993 770 1047 et
797 988 927 1048 historiis
950 988 986 1048 nd
1009 988 1074 1048 illu·

115 1075 288 1132 strationem
310 1071 436 1133 idoneis.
481 1071 635 1133 dlbertum
657 1074 749 1149 igitur
772 1070 885 1132 nullum
908 1071 996 1132 alium
1019 1072 1075 1131 lla-

114 1165 207 1215 retem
230 1163 365 1216 seculum
388 1174 462 1224 esse,
487 1175 574 1235 quam
599 1174 687 1236 quem
703 1173 784 1217 nnnc
799 1154 944 1216 habemus
959 1167 988 1216 et
1003 1173 1075 1234 pau-

117 1259 167 1301 cas
189 1247 300 1300 tantum
323 1242 520 1317 interspersas
542 1243 730 1301 narrationes
746 1259 780 1300 ex
797 1238 864 1300 aliis
877 1239 1076 1318 scriptoribus

110 1334 144 1384 ut
167 1322 289 1396 orosio,
324 1323 429 1385 Ouidio
463 1325 633 1405 depromtas
660 1343 728 1385 esse
756 1322 992 1387 concludendum
1022 1332 1075 1384 est.

111 1407 247 1486 lldrtling
270 1409 380 1488 (Dictys
403 1410 463 1470 und
486 1409 579 1470 Dares
596 1407 687 1486 1874)
704 1409 897 1470 Benedictum
915 1410 951 1468 de
967 1410 1076 1469 Sancto

111 1493 213 1553 Mauro
243 1491 359 1571 (Renoit
381 1492 418 1553 de
441 1493 484 1555 St.
508 1492 620 1572 Maure)
649 1500 767 1572 poetam
798 1492 943 1554 Gallicum
972 1500 1076 1553 nostro

113 1575 234 1637 Alberto
255 1594 348 1655 paene
371 1575 524 1656 aequalem
547 1577 604 1638 alio
627 1579 755 1657 quodam
778 1577 886 1639 llaretc
908 1579 1002 1655 magis
1026 1595 1076 1636 ex·

113 1669 198 1721 tenso
231 1663 262 1720 in
295 1663 426 1721 carmine
459 1679 513 1723 suo
546 1664 582 1723 de
614 1661 694 1722 bello
727 1661 858 1741 Trojano
889 1679 975 1721 usum
1010 1679 1075 1721 esse

112 1745 272 1820 eristimat.
316 1745 410 1806 Nimis
443 1746 593 1806 credimus
625 1747 853 1824 perspicaciter:
884 1762 953 1806 narn
986 1748 1076 1805 etiam

112 1837 213 1889 noster
240 1829 388 1908 supplevit
420 1849 496 1910 quae
527 1829 630 1891 deesse
658 1827 854 1898 videbantur,
883 1836 1076 1908 quapropter,

114 1931 182 1973 cunr
211 1914 302 1975 simili
330 1915 419 1974 modo
447 1914 626 1975 benedictus
650 1914 745 1992 egisse
768 1914 917 1988 videatur,
948 1931 982 1973 ea
1005 1931 1074 1972 con·

109 1996 226 2076 jectura
249 2016 309 2059 non
332 2017 407 2077 opus
430 2007 483 2067 est,
508 2006 541 2060 ut
563 2005 592 2059 et
607 1999 785 2060 novissimus
799 1999 955 2060 Benedicti
970 1997 1075 2066 editor,

112 2079 179 2161 Joly
213 2100 278 2143 eam
310 2091 439 2164 reputat.
491 2083 555 2143 lluo
584 2089 701 2144 exstant
735 2082 852 2143 codices
883 2083 1077 2160 manuscripti

113 2165 219 2226 Graeci
248 2167 284 2226 de
313 2164 391 2226 bello
420 2167 564 2247 Trojano,
600 2169 651 2246 qui
679 2186 747 2228 cum
778 2167 884 2228 berete
913 2167 1076 2228 cohaerere
1127 2180 1130 2187 “

111 2249 249 2310 videntur
278 2251 329 2310 sed
357 2252 449 2319 falso,
476 2269 545 2312 nam
574 2251 646 2312 Cod.
673 2252 765 2312 Paris.
793 2252 862 2312 olim
884 2247 969 2313 3352
996 2269 1076 2311 nunc

114 2330 198 2394 7878
220 2337 251 2394 in
274 2331 297 2394 4
319 2337 451 2396 continet
473 2339 640 2396 versionem
665 2337 807 2397 Graecam
829 2335 899 2395 libri
921 2335 1020 2412 gallici
1040 2334 1076 2394 de

116 2418 236 2478 excidio
258 2419 364 2498 Trojae
381 2420 504 2497 (Roman
528 2419 606 2479 dela
629 2419 814 2480 destruction
837 2421 874 2479 de
889 2419 997 2498 Troye.
1022 2419 1076 2479 olr.

114 2501 189 2561 Hist.
219 2501 276 2563 litt.
305 2504 342 2563 de
369 2505 484 2565 Franco
518 2504 551 2563 T.
580 2501 647 2562 Xlll
676 2522 706 2580 p.
734 2499 798 2563 423
819 2503 893 2582 sqq.)
920 2512 950 2564 et
979 2502 1078 2563 Codex

113 2585 302 2647 Vindoboun.
344 2587 510 2664 (Lambecc.
545 2587 699 2649 cuxuvll.
722 2585 825 2648 Nessel
852 2586 996 2664 CCXLlV)
1025 2584 1076 2647 lol.

113 2665 285 2731 260-324
307 2690 427 2732 carmen
450 2674 597 2734 Graecum
618 2665 639 2749 ἡ
670 2668 812 2749 Τρωάδα
835 2679 866 2730 ul
887 2671 974 2731 docet
989 2671 1076 2747 Wag-

114 2770 170 2813 ner
202 2756 233 2813 in
266 2756 451 2833 praelatione
480 2759 647 2816 carminum
676 2755 858 2815 Graecorum
886 2754 974 2814 medii
1003 2755 1075 2813 aevi.

112 2837 226 2897 Neuter
248 2839 379 2901 innotuit
390 2840 511 2901 Alberto
534 2847 646 2907 nostro,
670 2838 754 2917 cujus
777 2842 865 2899 etiam
881 2838 1045 2897 notitiaml
1065 2870 1076 2882 ·

112 2921 156 2997 git
178 2920 302 2982 heroico
324 2932 420 2983 metro
444 2927 627 3000 compositus
651 2922 757 2990 Dares,
781 2925 832 3002 qui
855 2927 1021 2981 asservatus
1044 2924 1076 2980 in

112 3003 216 3064 codice
243 3006 371 3067 Parisin.
401 3006 461 3081 (lat.
485 3004 570 3067 8430
591 3006 641 3066 lol.
665 3004 789 3067 9-lol.
816 3001 864 3080 16)
888 3000 952 3064 930
973 3022 1075 3064 versus

112 3088 255 3170 continet.
300 3088 366 3168 Joly
387 3107 416 3166 p.
442 3085 502 3150 156
524 3091 655 3150 initium:

155 3190 315 3267 Historiam
338 3205 428 3285 Troje
450 3208 589 3284 ligmenla
611 3207 727 3287 poetica
751 3204 882 3267 turbant.

155 3289 249 3358 Unde,
273 3291 343 3352 licet
365 3291 480 3368 magnis
502 3291 621 3352 lortuna
644 3294 682 3352 sit
705 3290 802 3350 invida
825 3291 919 3368 ceptis

156 3373 307 3454 Dignaque
330 3382 388 3437 tam
412 3375 507 3452 longis
529 3377 647 3435 nonsit
669 3393 734 3436 mea
757 3373 887 3436 buccina
904 3372 1015 3445 bellis„
