2378 3810
160 163 221 226 110
465 161 593 216 urn1v.
629 176 656 212 v.
674 161 819 213 eor-eac.

157 317 190 378 ln
213 318 309 396 prinra
332 314 452 377 Troilus
474 318 536 376 acie
559 321 707 384 versatur,
731 314 855 374 Achivos

199 404 305 462 Acrius
329 401 489 462 obtruncat
511 399 769 479 Myrmidonasque
791 400 884 473 lugat

157 487 293 547 Palantes
316 487 347 545 in
370 495 467 546 castra
491 485 610 565 premit,
634 483 753 544 obstare
775 481 908 543 volentes

200 569 372 632 Praevalidc
393 576 539 649 penetrat,
563 567 694 642 vulnera
707 569 772 628 dira
794 575 886 628 secat.
1077 578 1132 627 acu

160 655 196 715 Et
218 654 288 716 licet
310 654 456 716 obstiterit
479 653 677 722 Telamonius,
701 653 732 712 in
754 671 805 712 sua
830 652 939 712 Teucri

201 739 333 800 Victores
355 739 490 806 redeunt,
513 738 645 800 carmina
669 737 744 797 laeta
767 746 887 798 canunt.

357 902 499 957 ITERUM
517 902 681 957 REDITUR
697 901 748 955 AD
765 900 923 957 BELLUM.

157 1010 211 1070 Vix
235 1016 425 1089 exspectatur
447 1008 498 1069 lux
520 1011 660 1077 crastina,
684 1007 783 1086 prodit
804 1008 923 1069 Atrides

200 1095 273 1156 Cum
295 1094 412 1162 Danais,
437 1093 536 1173 prodit
558 1092 760 1172 Myrmidones
783 1092 920 1171 phalanx.

155 1180 188 1240 ln
212 1178 323 1240 bellum
346 1179 441 1239 Troes
463 1180 620 1258 animoque
644 1195 793 1257 manuque
816 1178 933 1237 feroces
1076 1190 1128 1240 265

199 1264 333 1341 Exagitat
354 1261 483 1332 Troilus,
506 1279 620 1341 parque
643 1263 743 1323 valore
766 1262 858 1322 Paris.

157 1349 195 1409 Se
218 1356 341 1408 nectunt
362 1350 449 1414 acies,
474 1349 552 1408 ensis
574 1346 716 1408 scintillat
738 1346 776 1407 ab
799 1363 870 1407 ense

200 1432 237 1494 Ut
260 1439 357 1493 tactus
380 1429 504 1510 chalybe
526 1431 656 1509 fulgurat
677 1433 747 1510 igne
768 1430 852 1492 silex.

157 1518 243 1578 Nunc
265 1519 395 1596 primum
419 1523 561 1594 pugnant,
585 1518 670 1595 quasi
693 1515 791 1594 pridie
813 1515 886 1577 litus
908 1517 1032 1586 ararim,
1080 1517 1082 1520 ’

199 1601 237 1661 ut
259 1602 513 1680 luerint‘penitus
536 1599 612 1661 bella
636 1602 736 1680 priora
753 1599 853 1679 jocus.
1073 1612 1127 1662 2⁷0

156 1685 195 1748 Se
217 1686 354 1755 caedunt,
379 1684 511 1756 laedunt,
535 1693 739 1763 prosternunt,
763 1687 876 1747 viscera
897 1685 1037 1756 lundunt,

200 1770 335 1832 Partibus
358 1769 501 1832 ambabus
525 1768 616 1832 millia
640 1769 730 1830 multa
754 1770 872 1831 cadunt.

154 1856 226 1916 Fert
248 1855 432 1916 intellectum
455 1855 553 1916 stultis
576 1857 691 1916 vexatio
714 1854 836 1925 nullum,

198 1940 264 2001 Non
287 1940 351 2000 auri
373 1948 498 2000 stratum
523 1958 573 2000 sus
597 1947 685 2008 arnat,
709 1941 800 2000 immo
822 1939 929 2001 lutum.

156 2024 280 2102 Semper
303 2024 338 2083 ad
361 2033 499 2084 eventum
523 2023 642 2085 lestinat
664 2033 694 2085 et
715 2026 746 2084 iu
769 2024 881 2085 medias
903 2042 953 2086 res
1074 2035 1125 2084 275

198 2107 253 2167 Hic
274 2106 403 2187 populus
425 2110 531 2167 mortis
554 2111 744 2187 anticipando
768 2108 840 2169 dies.

157 2193 207 2252 Vix
230 2200 323 2261 vacat,
348 2198 381 2251 ut
402 2193 501 2253 loveat
522 2193 658 2254 sudantia
681 2192 816 2254 membra
839 2195 951 2271 quiete;
993 2198 996 2203 '

198 2275 283 2346 Quod
306 2277 369 2336 sine
391 2283 490 2354 strage
512 2276 589 2337 volat
611 2285 740 2358 tempus,
762 2278 851 2338 inane
874 2285 967 2357 putat.

155 2360 239 2422 Unde
262 2378 318 2422 nec
340 2379 400 2422 una
423 2360 486 2422 dies
509 2363 545 2422 ad
567 2380 697 2442 pugnam
720 2363 831 2424 sulficit
852 2362 910 2422 illis

196 2445 301 2506 Plures
324 2448 506 2514 continuant,
530 2464 567 2507 ne
591 2448 654 2508 sine
677 2457 772 2508 morte
794 2447 896 2507 lluant.
1075 2457 1128 2508 280

155 2529 262 2591 Plectit
284 2548 335 2590 eos
357 2529 475 2592 Troilus
498 2534 575 2591 sicut
597 2550 741 2611 persaepe
764 2534 927 2594 rotundum

197 2614 301 2674 Suevit
323 2618 449 2693 corrigia
473 2615 585 2694 pellere
609 2618 712 2677 stricta
735 2617 886 2686 trochum3
1107 2679 1113 2687 ,

155 2699 193 2759 Ut
215 2698 309 2758 relter
331 2718 421 2777 super
444 2718 513 2760 arva
536 2698 624 2770 ieras,
648 2703 691 2760 sic
713 2702 757 2761 vir
780 2701 861 2762 lerus
883 2703 965 2780 ipsos
1051 2710 1055 2716 ’

196 2783 397 2863 Myrmidones
420 2787 520 2863 agitat,
545 2788 588 2846 sic
611 2785 750 2863 agitando
773 2787 865 2864 lugat.

395 2949 468 3002 PAX
485 2948 613 3004 DATUR
629 2949 703 3003 PER
720 2949 880 3004 MENSEM.

153 3054 272 3114 Atrides
295 3053 366 3115 belli
388 3055 547 3116 discrimen
571 3063 604 3116 ut
626 3057 733 3134 aspicit
755 3057 833 3116 acris
1073 3064 1125 3114 285

196 3138 229 3197 ln
252 3155 304 3200 sua
328 3158 504 3201 conversum
529 3148 625 3202 castra
649 3150 753 3201 tenore
776 3143 874 3220 gravi;

223 3326 281 3380 259.
299 3324 429 3376 Scholion
447 3326 593 3391 marginis:
614 3325 763 3391 fugientes.
821 3326 879 3377 263.
899 3324 1125 3391 Superscriptnm

154 3407 203 3456 pro
224 3393 311 3443 codic.
330 3393 462 3445 Achilles.
527 3394 585 3444 267.
605 3410 619 3443 e
638 3396 762 3459 margine
782 3410 843 3460 pro:
863 3393 993 3445 sintillet.
1063 3395 1126 3450 275.

144 3460 214 3513 Hor.
233 3460 265 3510 A.
285 3461 316 3510 Ρ,
338 3463 395 3516 148.
468 3462 526 3513 285.
545 3461 655 3527 Margo:
674 3476 728 3526 pax
746 3462 785 3512 IX
803 3464 885 3513 unius
903 3463 1015 3512 mensis.
