2378 3810
107 173 169 237 136
426 178 487 227 Lib.
507 179 538 227 v.
568 192 593 227 v.
613 180 756 231 rae-raa.

106 328 231 389 initiunt
253 328 373 390 tandem
397 328 557 407 digitorum
579 327 688 397 vincla;
712 328 822 409 lapillis

149 413 198 473 Sic
221 411 295 473 ludit
317 413 408 490 gluto,
432 431 499 474 eum
522 411 600 474 calet
621 412 673 473 ille
695 433 789 476 mero.
1028 428 1084 476 140

380 559 606 628 [INSTITUTIO
632 558 800 629 COENAE]

108 663 160 723 His
182 665 213 723 in
235 664 416 742 imaginihus
438 667 583 744 spatiatur
605 667 714 725 mentis
736 664 858 734 ocellus,

153 750 241 825 Virgo
263 750 296 808 nt
317 748 389 809 hinc
411 747 512 810 multis
534 748 696 810 exhilarata
720 749 824 818 moute,

9 914 12 920 ¹
110 831 194 892 Tunc
217 834 321 911 positis
344 834 441 893 triteis
464 833 584 893 cedrina
607 840 702 892 matre
723 833 828 894 locatis

150 917 301 997 Incipiunt
323 919 415 994 gratis
436 935 468 977 se
491 917 626 978 relovere
649 916 735 979 cibis

110 1001 252 1062 Sollemui
275 1000 378 1062 Cereri
401 1002 536 1078 repletur
559 999 691 1062 eburnea
714 1020 827 1071 mensa,
1028 1017 1081 1066 145

151 1086 287 1146 Sarcinat
310 1092 468 1163 argentum
492 1088 574 1164 regia
598 1103 707 1165 pompa
730 1087 847 1166 dapem.

109 1170 245 1232 Crateras
268 1170 333 1229 auri
356 1179 489 1231 statuunt
511 1178 542 1231 et
565 1171 631 1230 rina
654 1177 807 1238 coronant,

154 1253 275 1332 Singula
299 1253 370 1313 dum
392 1252 497 1324 libant,
522 1254 635 1315 tinnula
657 1256 746 1316 sistra
769 1262 886 1316 sonant.

109 1336 252 1414 Fulgurat
274 1346 439 1414 argentum,
463 1339 587 1399 rutilum
610 1356 729 1418 quoque
751 1339 884 1417 lulgurat
906 1357 1024 1411 aurum,

153 1422 212 1482 Per
235 1439 355 1481 mensae
379 1425 506 1501 spatium
531 1422 621 1484 crede
643 1421 730 1484 salire
753 1440 880 1484 merum.
1030 1437 1084 1486 150

114 1503 194 1565 Ordo
217 1502 359 1584 puellaris
381 1508 439 1567 lert
463 1524 598 1586 quaeque
621 1506 744 1568 terenda
766 1507 881 1585 puellis,

155 1589 238 1651 Haec
259 1588 404 1669 pulchrae
424 1593 524 1665 servit,
549 1589 703 1671 pulchrior
725 1594 789 1669 ipsa
813 1595 902 1654 venit.

112 1677 251 1737 Gemmea
275 1674 447 1753 pectoribus
470 1675 598 1736 demissa
619 1675 741 1736 monilia
763 1675 904 1754 pendent,

153 1760 250 1836 Cingit
272 1759 401 1821 nobilius
423 1777 513 1820 aurea
535 1777 609 1821 zona
632 1759 718 1820 latus.

109 1843 181 1920 Plus
203 1845 321 1905 decoris
342 1844 409 1925 plus
431 1843 529 1905 mellis
552 1843 641 1905 hahet
664 1843 772 1905 variata
796 1844 937 1923 voluptas,
1028 1857 1081 1906 155

153 1928 236 1998 Nam,
260 1946 328 1989 cum
352 1928 499 1990 delectant
521 1928 648 2006 singula,
671 1938 777 1988 cuncta
800 1927 927 2008 placent.

360 2074 624 2144 [ecmannum
646 2073 825 2145 annuum]

112 2180 258 2241 Convivas
280 2178 430 2240 citharista
454 2181 542 2250 canit,
566 2181 644 2260 quod
667 2180 765 2240 sidera
788 2189 901 2260 septam

157 2264 259 2324 lllnndi
281 2265 340 2324 sint
363 2263 451 2342 hujus
472 2265 515 2325 vis
536 2267 662 2343 regitiva
685 2272 787 2325 status.

114 2348 165 2410 Sol
188 2356 234 2409 est
255 2349 435 2426 principium
459 2347 561 2418 vitalis,
584 2350 711 2425 fonsque
734 2347 858 2420 caloris;

155 2433 237 2494 Luna
259 2434 435 2493 ministeriis
456 2432 662 2510 hymnidicatis
684 2433 776 2493 adest.
1028 2445 1083 2496 160

112 2518 257 2578 Saturnus
278 2519 412 2577 retinere
435 2517 513 2588 lacit,
536 2518 615 2578 Mars
638 2517 759 2578 attrahit
781 2519 851 2586 iras,

153 2605 176 2663 A
200 2600 272 2661 Jove
295 2609 490 2678 crementum,
513 2601 562 2661 dat
583 2599 656 2661 mihi
678 2600 753 2661 velle
775 2601 888 2668 Venus;
930 2652 933 2656 .

113 2686 263 2747 Mercurio
286 2684 385 2745 tribuo
409 2685 485 2765 quod
505 2686 610 2763 cogito,
634 2687 678 2746 sic
701 2685 846 2746 duodenis

182 2923 238 2976 139.
262 2920 366 2986 lapillis
384 2936 432 2985 pro
451 2920 512 2973 cod.
531 2919 647 2986 capillis.
718 2923 773 2972 143.
793 2920 919 2972 scholion
937 2924 1083 2987 marginis.

114 2990 229 3040 Tritone
247 2989 325 3054 ligne
344 2992 408 3038 sunt
426 3003 508 3052 super
526 3003 595 3052 quac
607 2987 742 3053 potabilis
760 2988 797 3039 ad
809 3004 914 3040 coenae
932 3005 1012 3040 usum
1030 3007 1083 3056 po·

113 3059 177 3112 sita.
230 3058 289 3107 147.
308 3054 463 3121 Virg.Aen.
477 3057 499 3119 1,
513 3057 562 3106 728

216 3123 349 3175 Crateras
367 3137 482 3188 magnos
500 3127 634 3188 statuunt,
654 3130 683 3174 et
700 3124 767 3173 vina
784 3128 925 3174 coronant.

114 3195 171 3248 153.
189 3191 265 3252 Viro.
282 3194 350 3243 Aen.
370 3191 433 3249 VII,
453 3191 501 3240 178

193 3311 196 3317 ,
215 3263 307 3312 Aurea
324 3257 483 3325 pectoribus
502 3257 622 3309 demissa
638 3259 753 3309 monilis
768 3258 898 3324 pendent.

114 3330 172 3380 160.
201 3327 362 3379 Maximien.
381 3326 414 3386 V,
434 3327 479 3377 78:
508 3340 583 3375 armo
606 3326 765 3377 ministeriis
789 3326 888 3392 quippo
910 3325 1005 3376 dicata
1023 3328 1086 3379 suis

113 3397 202 3448 nostri
218 3396 248 3445 in
265 3399 355 3445 mente
372 3394 459 3444 luisse
478 3393 594 3446 videtur.
665 3396 720 3448 162.
739 3395 816 3460 Virg.
834 3397 904 3444 Aen.
922 3393 984 3457 Vll,
1003 3396 1066 3446 219.

316 3461 358 3510 Ab
376 3461 447 3511 Jove
465 3460 636 3527 principium.
