2378 3810
152 179 213 246 156
467 182 530 233 cn.
547 182 581 237 v.
615 194 641 231 v.
660 182 804 234 roa-ron

195 335 321 396 Brachia
345 344 416 407 sunt
437 337 546 411 animo,
570 336 613 395 sic
636 334 683 395 leo
707 337 757 395 liet
778 334 879 394 homo.

154 421 230 480 Sunt
253 439 287 480 ea
310 437 386 499 quae
409 419 511 489 doceo,
534 420 675 481 fortunae
699 429 798 480 cetera
821 418 939 488 mando,

194 504 272 565 Hinc
296 504 367 583 quid
390 512 500 573 mente,
523 505 602 564 ierat
623 503 750 583 quilibet
771 522 833 573 ore,
857 505 942 594 sciat.

433 650 653 718 [ANTENORIS
671 649 828 720 ORATIO]

152 756 233 817 Dixit
255 763 284 816 et
307 755 443 824 obticuit,
467 756 568 817 videas
590 774 723 818 mussare
747 755 915 824 cobortem;
1072 763 1128 813 755

194 840 337 911 Haerent,
363 841 429 918 quis
451 843 581 918 primum
605 841 710 901 reddat
732 841 769 902 ad
791 842 847 902 ista
871 858 986 901 sonum.

154 925 287 1006 Cumque
310 933 471 996 taceretur,
495 924 551 985 bac
575 943 646 984 voce
669 925 787 986 silentia
809 926 891 1004 rupit

193 1011 335 1080 Antenor,
360 1016 430 1070 natu
452 1027 520 1069 nam
545 1010 601 1070 luit
622 1008 671 1069 ille
694 1011 790 1089 prior:

151 1093 245 1154 Nemo
269 1095 394 1155 miretur
417 1112 435 1155 o
459 1094 525 1154 rex!
549 1096 682 1171 angustia
706 1102 836 1154 mentem

195 1179 226 1239 Si
249 1181 319 1239 terit
341 1187 370 1239 et
392 1177 528 1239 tenebrat
549 1181 711 1257 irrequieta
733 1187 825 1238 tuam.

153 1264 303 1323 Fortunae
326 1280 415 1341 saepe
436 1270 502 1323 rota
525 1281 578 1322 nos
600 1261 724 1323 involvit
746 1279 864 1332 arenae,

194 1346 318 1426 Quoque
343 1347 484 1416 feramur,
509 1346 605 1407 adbuc
629 1347 691 1407 alea
714 1345 836 1424 grandis
857 1347 944 1407 inest.

152 1431 247 1501 Sensi,
271 1431 399 1500 sensisti,
422 1432 514 1490 sensit
536 1433 687 1510 provincia
710 1440 784 1491 tota:

195 1513 324 1575 Troibus
346 1513 496 1576 horrenda
518 1514 713 1594 multiplicata
737 1513 824 1575 mala.

152 1599 265 1660 Moesto
288 1599 378 1660 corde
401 1598 523 1678 loquor:
548 1599 634 1671 Quod
657 1599 899 1679 lnexpugnabilis
920 1600 1041 1670 Hector,
1072 1608 1126 1658 745

195 1683 374 1761 Deiphobus,
399 1683 522 1745 Troilus
545 1687 660 1745 corruit
682 1694 770 1762 atque
794 1683 892 1744 Paris:

154 1767 192 1828 Se
216 1767 318 1847 duplat
341 1769 381 1830 mi
405 1767 489 1829 dolor
512 1769 594 1847 quod
617 1778 647 1830 et
668 1770 700 1830 15
723 1770 832 1829 virtute
854 1785 908 1846 per
932 1785 1037 1830 omnes

197 1853 360 1914 Terrarum
383 1852 458 1914 lines
480 1870 539 1912 non
563 1853 696 1914 habuere
719 1868 816 1932 pares.

152 1936 279 2015 Semper
302 1935 439 1998 crudeles
462 1938 616 1998 adversum
640 1937 758 1998 lortiter
781 1935 879 1998 hostes

193 2025 280 2081 Arma
304 2021 484 2090 levaverunt,
508 2023 677 2083 occubuere
699 2031 808 2083 tamen.
1071 2031 1125 2081 755

152 2106 245 2166 Casus
267 2106 423 2185 praeteriti
445 2108 610 2185 praesentis
632 2109 765 2185 itemque
788 2107 882 2167 luturi

193 2189 350 2268 Temporis
372 2191 474 2249 intuiti
497 2207 546 2250 res
568 2189 720 2251 recitando
744 2209 864 2261 snmus;

151 2272 209 2333 Sed
233 2273 290 2334 luit
312 2274 449 2334 occlusus
473 2281 593 2334 nostrae
615 2276 740 2335 rationis
763 2275 883 2345 ocellus

193 2358 255 2418 Nec
277 2356 354 2428 bene
377 2357 526 2436 praeludit
547 2361 605 2420 lata
629 2359 728 2419 lutura
751 2359 844 2420 locus.

150 2441 276 2511 Quando
301 2440 501 2520 Tyndaridem
523 2442 649 2504 Menelai
672 2442 762 2520 Troja
785 2446 908 2521 recepit,
1072 2453 1127 2503 755
1164 2484 1170 2502 .

192 2526 258 2587 Η55
280 2535 422 2606 quantum
445 2527 567 2608 Phrygii
589 2530 743 2605 sanguinis
764 2527 813 2588 illa
836 2529 914 2590 tulit.

148 2611 226 2671 Arra
248 2610 441 2671 cadaveribus
463 2620 533 2673 sunt
554 2613 652 2692 plena,
676 2612 812 2691 sepulcra
836 2612 969 2692 sepultis,

193 2694 331 2774 Undique
354 2704 433 2756 terra
458 2696 546 2757 rubet
567 2696 713 2773 sanguine
737 2697 814 2776 picta
837 2695 997 2776 Phrygum.

149 2776 295 2856 Quodque
318 2778 398 2859 loqui
421 2783 545 2842 minime
568 2784 632 2841 sine
655 2780 737 2841 luctu
759 2799 927 2860 possumus,
951 2779 999 2840 illa

193 2865 285 2926 Unica
308 2883 377 2944 spes
399 2863 482 2940 belli,
505 2863 692 2926 Penthesilea
715 2866 780 2935 luit,
1066 2874 1123 2926 755

149 2947 186 3008 Et
209 2966 276 3009 curn
299 2950 405 3027 regina
427 2949 562 3009 lunatum
585 2950 699 3010 corruit
721 2965 839 3026 agmen,

218 3134 267 3184 735
285 3149 327 3198 sq.
347 3131 404 3183 cfr.
424 3132 517 3186 Gualt.
537 3133 614 3184 Alex.
632 3133 681 3196 IV,
702 3136 750 3185 110
769 3149 809 3199 sq.

352 3227 385 3236 -
404 3227 436 3234 -
455 3201 613 3266 ambignum
631 3202 728 3252 videas
747 3217 870 3252 mussare
889 3206 1028 3266 senatum,

249 3268 287 3318 Et
304 3267 416 3318 siluisse
437 3266 484 3317 diu
502 3268 663 3332 perhibetur
682 3269 768 3329 curie,
788 3269 876 3320 donec

250 3334 396 3386 Parmenio
416 3339 467 3389 etc.

148 3405 205 3454 1153.
232 3401 299 3454 (lod.
325 3402 351 3454 S.
372 3402 391 3453 f.
415 3402 526 3454 clausus
545 3404 661 3454 rationis
680 3404 795 3455 ocellus.
873 3407 932 3456 757.
954 3403 1014 3459 cod.
1033 3420 1127 3461 arma.

138 3470 195 3525 700,
215 3485 315 3539 margo
331 3471 453 3540 praebet
471 3473 536 3526 ruit.
