2378 3810
366 128 430 180 Lib.
449 129 497 181 IV·
533 143 560 182 v,
581 128 723 180 lue-137.

114 282 174 343 iem
198 282 333 358 sequitur
356 281 493 342 Paridem
517 280 617 342 mallet
640 280 738 342 obisse
761 281 865 343 virum.

70 366 128 426 Prc
153 363 205 427 tali
226 374 330 445 stupro
352 365 469 427 sudavit
491 367 615 428 Graecia
638 367 719 426 tota?

108 450 172 517 Pro
196 449 315 511 talr
269 458 296 512 s
299 468 374 529 upro
397 459 518 512 corruet
542 440 639 511 umnis
661 439 771 511 humei

71 534 118 595 En
136 537 262 597 miseras
283 534 398 616 plebes,
421 544 453 596 ut
476 535 640 596 transiliam
663 533 822 606 trabeatos,

113 619 245 681 Succidit
267 620 383 698 gladius
404 629 438 680 ut
460 627 612 681 resecatur
635 618 709 680 olus.

71 704 151 773 Esto,
174 704 253 786 quod
276 713 306 765 et
328 702 425 765 deleat
447 712 477 763 et
498 712 583 783 rapta
606 705 643 764 sit
665 711 694 763 et
717 703 855 765 viciatam

115 789 152 848 Se
175 787 310 868 deploret
332 788 430 850 adhuc
452 788 628 850 sustinuisse
652 799 757 849 manu:

70 872 192 935 Libram
212 872 318 952 judicii
340 877 367 934 si
390 881 473 935 recte
496 874 611 950 dirigis,
635 891 747 953 aequus

113 957 253 1036 Raptcris
276 959 391 1028 titulus,
414 966 517 1020 noster
540 959 661 1038 iniquus
685 959 751 1018 erit.

70 1043 115 1102 An
138 1059 198 1101 non
221 1041 391 1122 Hesyonem
411 1044 495 1122 prius
517 1042 547 1101 in
570 1060 643 1102 nece
666 1043 746 1120 regis
769 1060 871 1104 eorum

113 1125 272 1204 Adjunctis
294 1124 396 1204 spoliis
419 1125 636 1188 abstuleramus
660 1128 721 1187 eis?

70 1209 184 1270 Prcdiit
207 1229 222 1270 a
246 1210 333 1271 nubis
356 1208 465 1288 injuria
486 1213 592 1291 prima,
616 1217 791 1291 queruntur.

112 1293 201 1355 iuste.
247 1295 408 1356 Causarum
431 1314 518 1357 causa
541 1297 640 1374 perire
663 1295 749 1357 solet.

71 1379 166 1457 Saepe
188 1381 376 1458 sagittantem
402 1379 506 1441 didicit
527 1380 655 1441 referire
678 1383 793 1458 sagitta,

113 1463 188 1523 Sunt
210 1464 285 1524 haec
308 1482 324 1525 a
347 1464 434 1525 nobis
457 1463 571 1544 spicula
594 1465 682 1526 missa
705 1467 798 1543 prius.

73 1547 195 1608 Leniter
218 1568 254 1608 ex
277 1551 395 1618 merito,
420 1550 561 1629 quicquid
583 1549 710 1631 patiare,
732 1549 888 1611 serendum
912 1558 965 1622 est,

115 1632 196 1703 Quae
220 1636 298 1693 venit
320 1635 470 1696 immerita
492 1650 588 1712 poena
611 1631 738 1694 dolenda
761 1637 851 1696 venit.

72 1717 159 1797 Nunc
182 1735 236 1777 nos
258 1719 417 1778 innumera
439 1717 563 1778 collecta
585 1715 679 1777 classe
701 1717 827 1778 furendo
992 1729 1040 1780 125

114 1800 257 1861 Venimus
279 1801 339 1861 huc
363 1809 444 1862 casta
467 1819 521 1880 pro
544 1800 670 1862 muliere
692 1803 787 1862 muri?

72 1885 156 1945 Hanc
179 1885 264 1945 reddi
288 1887 424 1965 petimus,
449 1895 479 1947 et
501 1886 618 1966 quande
641 1886 812 1947 reduximus
834 1884 924 1957 illam,

114 1968 196 2039 Quae
218 1968 310 2030 subiit
332 1971 477 2032 Graecum
503 1988 562 2030 non
585 1970 661 2031 bene
685 1978 770 2050 capta
792 1971 908 2032 solumi

73 2053 198 2125 Quando
221 2055 353 2117 redemta
376 2057 448 2118 iuit
455 2073 535 2117 mers
558 2055 785 2118 Laomedontis?
807 2055 894 2118 ubive

113 2139 311 2201 Reddidimus
333 2139 441 2221 Trojae
465 2141 569 2202 damna
595 2149 709 2220 patrata
732 2140 827 2223 maie?
991 2152 1040 2200 130

72 2221 151 2282 Proh
173 2224 279 2301 pudor,
302 2224 353 2286 hic
375 2229 477 2288 Asiai
478 2243 583 2287 ervens
605 2213 785 2304 Europaque
807 2233 902 2286 totum

114 2306 175 2368 Sub
197 2307 267 2368 belii
290 2308 403 2370 librant
423 2312 558 2390 pondere
580 2327 669 2387 posse
692 2327 787 2371 suum.

71 2390 115 2450 id
138 2409 282 2468 generum
305 2394 425 2455 Cereris
447 2411 514 2454 cum
538 2391 630 2453 multo
652 2393 797 2470 sanguine
820 2391 912 2453 muita

114 2476 258 2537 Miserunt
280 2477 435 2539 hominum
458 2477 549 2537 miliia
571 2484 668 2537 mente
691 2476 775 2536 mala.

71 2559 152 2620 Haec
175 2563 262 2621 Asiae
286 2578 370 2622 mens
394 2570 446 2631 est,
471 2569 504 2622 ut
526 2559 666 2641 adultera
681 2564 742 2621 sint
765 2568 794 2622 et
817 2560 933 2624 adulter
992 2572 1040 2621 135

113 2643 247 2704 Foedere
269 2662 377 2707 securo
400 2649 478 2707 sicut
501 2664 602 2707 amore
625 2664 688 2706 suo.

70 2728 226 2804 Pugnandi
248 2746 343 2807 genus
366 2732 529 2810 egregium,
552 2749 659 2811 parare
682 2729 811 2792 scienter

140 2984 196 3033 123.
217 2982 269 3036 Ov.
286 2983 345 3037 Am
364 2983 400 3046 ΙΙ,
420 2985 443 3048 Ι,
464 2986 495 3034 12

207 3050 303 3115 Aequo
324 3051 415 3101 animo
434 3067 559 3117 poenam,
578 3052 625 3116 qui
642 3043 773 3116 meruere,
793 3051 895 3101 ferani.

71 3135 128 3188 124
147 3135 198 3186 Oe.
215 3136 294 3186 Pont.
313 3137 335 3198 Ι,
357 3138 379 3198 1,
398 3138 441 3189 62.

205 3204 311 3270 Estque
329 3205 390 3268 pati
407 3219 521 3269 poenas,
542 3219 623 3269 quam
641 3204 784 3264 meruisse,
802 3202 899 3255 minue.

72 3287 129 3337 126.
146 3287 176 3336 in
200 3289 338 3353 margines
362 3288 463 3341 ironia.
567 3290 626 3340 127.
645 3287 731 3338 illum.
750 3301 851 3352 margo.
870 3286 1039 3351 Hesyonem.

71 3354 223 3485 ffiiasrigut
242 3371 257 3406 e
274 3355 400 3421 margine
418 3371 467 3421 pro
487 3355 572 3406 codic.
591 3356 682 3406 sicin.
736 3357 793 3411 137.
806 3353 905 3405 melius
918 3355 1038 3406 tortasse
