2378 3810
105 191 149 256 54
422 191 485 245 nau.
503 191 542 243 11.
575 207 601 243 v.
619 191 763 242 ron-ooo.

110 348 263 408 Ennomus
284 352 315 406 et
336 344 469 423 Phorcys
492 351 522 404 et
543 343 742 422 Epistrophus
763 352 794 406 et
816 343 985 424 Polpnestis

150 429 282 510 thious
305 438 334 489 et
355 427 463 498 Pelias,
488 446 616 507 eumque
639 428 775 489 Thoante
798 428 906 499 himas,

107 514 241 594 Ripheus
263 513 423 592 Achipanis
446 520 477 574 et
498 511 671 575 hlastrenus
685 514 802 582 dusius,
826 513 922 574 audax

152 598 351 667 dschrauder,
375 598 511 665 Cormus,
536 597 674 658 Memnon
697 605 726 657 et
747 596 952 660 Archilochus.
1028 608 1080 657 445

107 684 256 745 Deberem
278 701 440 762 procerum
462 685 489 742 si
511 684 631 742 nomina
655 690 761 743 cuneta
783 681 899 742 relerre

150 767 229 829 Hora
253 767 331 827 loret
353 768 482 844 spatium
506 783 566 826 non
589 766 726 827 habitura
747 765 848 828 hreve.

109 852 160 914 lsti
184 853 302 913 diversa
324 870 357 912 se
379 849 416 911 de
438 851 561 928 regione
584 849 716 912 levantes

151 936 265 997 lutrant
287 936 322 996 ad
345 935 496 996 Priamum
519 933 598 996 bella
618 934 721 1014 juvare
742 934 902 1015 Phrygum.

107 1019 230 1100 Trojani
252 1026 322 1082 sunt
343 1037 378 1080 ex
402 1020 465 1081 istis
486 1017 621 1100 plerique
643 1020 775 1091 Quirites
1026 1029 1079 1080 450

151 1105 265 1167 Cedere
288 1113 391 1182 treuga
414 1104 493 1165 leves
515 1104 626 1166 dedere
649 1112 753 1183 treuga
776 1121 889 1182 graves.

180 1283 187 1295 ι
273 1249 494 1306 PALAMEDES
512 1250 632 1305 ADEST
650 1251 726 1307 CUM
739 1249 909 1307 NAVIBUS.

111 1357 273 1420 Consilium
296 1364 403 1418 tractat
425 1357 522 1417 adhuc
544 1358 749 1435 Agamemnon
772 1366 801 1418 et
822 1359 901 1418 inter

154 1442 252 1518 Regni
273 1450 427 1519 magnates
449 1440 553 1502 bellica
577 1442 652 1503 laeta
676 1441 775 1503 librat.

113 1527 231 1587 Interea
253 1529 377 1587 veniens
398 1524 570 1588 Palamedes
592 1526 734 1606 Naupliea
756 1526 857 1604 proles

152 1611 214 1670 Ter
237 1610 320 1670 denis
342 1611 454 1672 ratibus
478 1629 559 1672 arma
583 1611 726 1691 cibosque
749 1612 838 1674 vehit
1025 1620 1078 1669 455

110 1695 175 1756 Non
199 1695 276 1755 valui
299 1695 414 1756 venisse
436 1697 530 1776 prius,
554 1695 685 1757 conabar
706 1695 836 1758 Athenas
855 1750 864 1765 x

154 1780 303 1848 Tendere,
327 1798 386 1840 non
409 1789 555 1859 poteram,
578 1780 663 1842 lehre
685 1781 815 1851 vetabor,
839 1784 890 1842 ait.

110 1864 195 1926 Nune
216 1865 349 1944 quamvis
372 1865 481 1935 lentus,
505 1866 599 1926 laetus
622 1874 721 1925 tamen
744 1865 883 1935 advehor,
907 1880 1026 1925 ornnem

153 1948 247 2019 Quam
272 1950 345 2010 mihi
368 1948 512 2019 dixeritis,
537 1949 724 2010 exhibiturus
746 1968 843 2028 opem.

108 2032 184 2094 llino
206 2040 315 2109 gretes,
338 2033 539 2110 Agamemnon
563 2037 613 2104 ait,
637 2044 798 2113 nostroque
820 2033 876 2094 suh
899 2032 977 2093 inira
1024 2040 1078 2090 460

152 2116 199 2176 Sis
223 2115 260 2176 de
281 2116 418 2177 oonsilio:
443 2119 541 2195 paruit
563 2114 613 2178 ille
636 2122 706 2180 viro.

136 2261 356 2319 PALAMEDES
373 2262 579 2319 DISSUADET
597 2264 743 2319 ADITUM
761 2264 897 2320 TROIAE
914 2261 1048 2320 Noenu.

112 2370 176 2430 Nox
200 2377 264 2430 erat
286 2380 315 2430 et
336 2379 399 2432 toto
422 2369 577 2449 fulgebant
598 2372 695 2432 sidera
718 2371 802 2433 coelo

153 2453 258 2516 Sibilat
280 2464 398 2535 optatus
420 2455 527 2535 puppis
549 2458 579 2514 in
603 2474 672 2515 aree
695 2473 795 2516 sonus.

110 2539 235 2600 Consilii
257 2556 385 2618 coepere
408 2540 482 2600 lihra
506 2543 663 2609 trutinare,
688 2539 819 2601 velintne

152 2623 245 2684 Nocte
269 2624 365 2684 solum
388 2624 495 2704 Trojae
519 2633 652 2703 tangere,
676 2626 737 2686 sive
761 2624 819 2685 die.
966 2643 970 2647 ’
1025 2631 1078 2681 465

110 2707 241 2768 Diversis
264 2706 378 2769 diversa
400 2710 526 2789 placent,
551 2709 603 2771 sed
626 2712 733 2789 opinor
754 2709 895 2772 honestas

111 2862 314 2870 -u—n——a—

175 2947 236 2994 442.
266 2945 404 2994 Eunomus
432 2951 460 2996 et
487 2945 610 3010 Phorcys
636 2961 650 2996 e
676 2946 781 2996 Durate
808 2960 858 3010 pro
880 2943 1021 3009 Ephomus
1048 2950 1078 2993 et

107 3011 240 3075 Phorcys.
275 3013 393 3063 Nomine
417 3028 561 3078 proearnm
582 3014 652 3064 mire
675 3012 806 3064 mutilata
828 3015 906 3073 suut,
935 3009 1078 3073 nonnulla,

39 3136 41 3140 v
109 3093 180 3142 quae
199 3094 286 3143 neque
304 3079 375 3144 epud
388 3081 520 3130 Deretem
538 3094 628 3145 araque
646 3080 719 3146 apud
730 3080 835 3143 Dietyu
848 3080 898 3130 suh
916 3078 972 3129 hee
989 3079 1079 3129 torma

108 3146 296 3209 inveniuntur,
315 3148 429 3198 Pindari
446 3147 572 3198 Thebani
589 3153 666 3211 aunt,
687 3149 762 3198 sieut
777 3148 869 3210 Asius,
886 3162 967 3212 quem
985 3151 1081 3196 noster

108 3215 211 3264 Aueius
240 3213 370 3279 appellat.
407 3214 492 3281 (Epir.
516 3217 684 3278 777-781).
778 3218 838 3270 451.
866 3213 934 3265 Ood.
963 3227 1079 3279 guaves.

107 3284 165 3337 toa.
185 3281 251 3332 Cod.
269 3297 341 3333 nam.
357 3283 482 3334 Athenis.
532 3285 591 3339 462.
617 3285 736 3350 Epitom.
758 3283 839 3336 Iliad.
862 3283 953 3345 Hom,
976 3297 1002 3337 v.
1022 3282 1081 3332 110.

107 3351 167 3402 too.
185 3349 345 3404 illeximien.
363 3349 435 3417 eleg.
453 3352 476 3412 Ι,
496 3352 552 3403 103.

176 3417 310 3469 Diveraos
329 3417 439 3468 diverse
454 3416 568 3481 juvant:
586 3435 641 3470 non
661 3420 786 3471 omnihus
803 3419 884 3470 annis

212 3484 311 3536 Omnia
331 3487 514 3540 conveniunt:
534 3502 579 3538 res
596 3491 673 3554 prius
691 3491 766 3552 epte,
786 3490 878 3538 nocet.
