2378 3810
429 133 493 188 Lib.
511 134 547 184 ΙΙ.
584 148 608 188 v.
628 134 771 184 oio-tlt.

315 279 440 334 vunnu
457 262 666 334 cremnon
684 277 880 338 lucrumst

118 387 248 465 Coeptus
270 385 308 446 ab
330 384 471 462 agricolis
493 402 617 464 superos
640 384 760 445 devenit
781 385 818 446 ad
841 403 944 447 omnes

159 470 341 531 Ambitiosus
363 468 469 539 bonor,
493 469 582 530 corda
605 469 733 549 superba
756 488 889 532 movens.

116 555 249 619 Moverat
270 553 393 615 ambitio
415 552 612 623 Palamedem,
636 572 744 634 nempe
766 554 887 615 tenendi

159 639 283 719 Imperii
306 646 458 716 sceptrum
482 655 569 698 causa
592 638 754 699 momordit
777 657 855 700 eum.

115 722 222 784 Verbis
246 730 275 782 et
298 722 385 783 dictis
408 740 513 782 omnes
535 721 640 782 audire
662 723 794 783 volentes
1028 733 1079 783 080

159 804 211 869 Sic
233 807 269 867 ad
292 807 479 884 propositum
499 815 643 885 provocat
662 806 726 886 ipse
748 825 845 867 suum.

116 891 183 953 Non
206 890 283 951 bene
305 908 355 951 res
378 891 484 968 agitur,
508 891 615 969 inquit,
638 898 703 950 sunt
727 892 825 952 omnia
849 891 939 968 digno

160 977 218 1036 'lot
239 982 362 1055 propter
384 991 525 1053 proceres
545 973 613 1053 jure
635 975 766 1053 regenda
788 983 876 1037 statu.

117 1059 226 1138 Reges,
250 1063 337 1138 quive
361 1057 458 1119 solent
478 1059 588 1136 regalia
612 1068 730 1138 sceptra
753 1056 865 1129 tenere,
918 1054 924 1065 ⁴

159 1143 263 1222 ilignis
285 1152 407 1204 ornatos
428 1143 561 1203 moribus
584 1161 650 1203 esse
673 1144 767 1204 decet.
1029 1156 1078 1206 685

115 1228 181 1289 Non
204 1234 274 1287 sunt
295 1226 436 1288 laudandi
458 1229 514 1287 nisi
536 1228 720 1298 strenuitate,
743 1225 852 1299 valore,

157 1311 286 1385 Robore,
310 1312 445 1380 consilio,
471 1311 646 1389 dapsilitate,
670 1311 770 1372 duces.

117 1395 162 1456 Sit
184 1414 238 1456 rex
258 1394 409 1466 flexibilis,
432 1397 508 1475 pius,
532 1395 692 1456 exorabilis
713 1398 798 1473 isque

158 1478 309 1558 Subjectis
331 1497 434 1558 agnus,
458 1481 595 1541 hostibus
617 1499 705 1541 ursus
728 1484 794 1540 erit.

115 1564 272 1644 Nunquam
295 1567 478 1644 conspicitur
502 1564 624 1626 meliore
647 1568 776 1642 potentia
801 1583 898 1631 causa,
1029 1577 1078 1625 000

157 1647 251 1719 Quam
275 1650 390 1727 quoties
413 1666 502 1709 vanas
524 1667 584 1709 non
607 1652 679 1708 sinit
701 1668 765 1710 esse
787 1667 903 1729 preces.

118 1734 163 1792 Sit
185 1735 422 1811 circumspectus
442 1751 506 1803 rex,
530 1735 757 1812 circumspectio
779 1735 874 1812 regis;

156 1817 278 1878 Famam
300 1816 387 1878 laude
410 1817 514 1897 replet,
537 1835 587 1877 res
609 1821 640 1877 in
662 1817 778 1879 bonore
802 1825 892 1878 tenet.

114 1901 191 1961 Num
215 1901 285 1979 quid
310 1919 364 1978 ego
387 1911 490 1963 nostro
512 1901 618 1982 loquor
640 1903 690 1963 hic
705 1920 761 1982 pro
782 1903 918 1980 principe
933 1901 1076 1962 verbum?

156 1984 222 2046 Non
246 1986 352 2046 datad
376 1985 471 2047 officia
493 1985 609 2064 singula
632 2003 720 2066 posse
743 2005 839 2047 suum.
1026 1996 1077 2046 700

114 2068 171 2130 Sed
196 2071 294 2130 minus
316 2075 361 2130 est
382 2071 470 2131 docto
492 2072 562 2150 quid
584 2071 718 2149 prodest,
741 2070 821 2150 quod
843 2072 923 2149 gerit
944 2079 1026 2133 extra

162 2154 280 2214 Grande
302 2153 506 2233 supercilium,
529 2156 581 2234 qui
603 2154 679 2215 nibil
701 2157 780 2217 intus
802 2154 901 2216 babet.

113 2238 249 2315 Regnum
273 2236 423 2318 dilapidat,
448 2241 499 2319 qui
519 2257 645 2318 regnum
669 2239 790 2301 rudibili
814 2239 872 2308 dat,

157 2321 211 2382 list
232 2325 341 2384 vestire
363 2323 467 2384 sudem
491 2334 607 2403 sceptra
631 2335 734 2385 tenere
756 2324 872 2384 rudem.

112 2406 195 2467 Adde
217 2407 295 2486 quod
319 2425 355 2468 ex
377 2406 477 2469 multis
499 2425 639 2487 proceres
660 2407 834 2486 regionibus
856 2407 972 2478 adsunt,
1027 2419 1076 2467 too

155 2491 286 2570 Cumque
309 2509 364 2552 suo
387 2494 468 2553 venit
488 2495 583 2572 patria
606 2511 742 2572 quaeque
765 2492 850 2552 duce.

112 2573 278 2652 Ingenium,
302 2594 364 2646 cor,
387 2575 552 2646 consilium,
575 2578 693 2638 virtutis
715 2595 838 2638 acumen

154 2658 311 2729 Quaelibet
333 2678 348 2720 a
371 2663 494 2740 proprio
517 2662 597 2722 natio
619 2663 738 2740 quaerit
760 2661 844 2722 bero.

112 2740 286 2804 Consentire
309 2746 401 2821 magis
423 2745 453 2805 bl
475 2744 662 2806 delectantur
682 2747 714 2806 in
735 2763 826 2806 unum

153 2829 177 2888 Α
200 2829 317 2890 cunctis
340 2829 479 2899 dandum,
503 2848 592 2909 quam
613 2831 749 2908 reperire
771 2830 883 2891 datum.
1027 2839 1077 2887 710

110 2909 163 2970 His
185 2912 285 2973 verbis
308 2912 409 2974 allexit
431 2933 492 2983 eos,
515 2913 687 2993 studuitque
708 2915 880 2992 frequenter

178 3163 238 3213 oto.
256 3163 390 3230 Marginis
408 3164 494 3215 schol.
530 3165 588 3215 Iste
605 3165 771 3215 Palamedes
790 3164 863 3215 tilius
887 3169 946 3214 erat
963 3164 1076 3230 Nauplii

109 3229 160 3279 lilii
177 3231 307 3295 Neptuni.
376 3233 426 3282 684
444 3247 487 3298 sq.
516 3233 672 3282 conferatur
696 3232 819 3281 Gualteri
843 3232 1000 3288 Alexandr..
1028 3233 1076 3281 ubi

109 3297 181 3347 libro
216 3298 304 3361 primo
334 3299 500 3350 Aristoteles
535 3298 629 3349 officie
662 3299 737 3364 regis
766 3299 922 3349 Alexandro
952 3299 1074 3363 exponit.

109 3364 169 3416 686.
188 3363 323 3416 laudanti.
391 3369 449 3418 690.
478 3368 639 3433 emargine
662 3383 711 3432 pro
735 3368 887 3432 potentiae.
956 3368 1014 3416 690.
1034 3367 1074 3421 91.

108 3432 191 3484 ovid.
209 3448 224 3483 0
241 3433 322 3485 Pont.
341 3434 377 3492 ΙΙ,
396 3437 420 3496 9,
441 3436 481 3488 15,
501 3436 542 3487 16.
620 3436 679 3486 708.
704 3450 719 3484 e
737 3450 822 3500 marg.
841 3449 889 3500 pro
909 3433 967 3484 cod.
985 3433 1074 3485 homo.
