2378 3810
150 185 210 250 178
448 187 509 239 Lib.
531 189 578 240 v1.
614 203 641 236 v.
659 160 815 238 333-333.’

148 339 191 401 lu
214 341 330 416 signum
354 357 406 401 sua
428 357 520 417 seque
543 347 657 416 parant,
681 345 859 416 tempusque
881 336 1042 418 locumque

191 423 364 491 Observant,
389 422 481 483 iortes
503 441 585 483 arma
609 421 711 483 subire
734 430 848 482 vocant.

149 509 280 587 Tempus
303 515 367 567 erat
389 505 508 566 dubiam
532 524 642 584 cogens
664 508 836 582 nigrescere
859 506 966 580 lucem,

193 592 246 653 Cui
262 609 358 671 neque
375 591 423 651 lux
436 609 532 670 neque
546 591 736 659 3333333331
750 598 911 671 utrumque
923 609 1042 670 parens.
1067 602 1122 651 340

150 676 216 737 Non
239 676 289 735 (133
311 675 408 736 adhuc
430 675 527 736 clares
542 674 715 736 custodibus
730 674 970 754 Amphimachus
994 676 1058 737 sed·

193 761 231 821 Se
254 777 348 839 penes
371 758 560 827 3331313313,
584 765 685 840 postea
708 777 778 819 vero
802 758 892 819 dedit.

150 845 252 905 Claves
274 845 407 904 Antenor
431 841 681 920 Anchisiadesque
703 842 844 914 tulerunt,

178 926 251 988 ‘Res
275 948 307 987 ea
331 945 454 1006 prorsus
477 936 541 988 erat
563 928 729 1004 suspicione
753 946 867 988 carens.

150 1012 193 1074 no
218 1031 334 1073 murum
359 1020 471 1090 portae,
495 1021 613 1072 cautum
637 1012 745 1090 quibus
769 1031 833 1073 esse
858 1010 1003 1081 volebant,
1068 1021 1120 1071 343

193 1097 360 1166 Adducunt,
384 1103 541 1156 murusut
563 1104 680 1156 tueatur
703 1114 747 1155 eo.

150 1182 187 1242 Et
209 1183 307 1242 statim
330 1188 414 1258 porta
438 1179 624 1242 succendunt
644 1179 745 1240 lumen
768 1190 880 1259 aperta,

192 1265 327 1327 Gaudent
350 1264 386 1325 ad
409 1263 529 1324 rutilam
552 1264 658 1324 Dorica
682 1272 778 1325 castra
800 1266 912 1336 lacem;

153 1351 287 1410 Luminis
309 1349 346 1408 ad
369 1348 485 1409 radium
508 1367 541 1408 se
564 1348 705 1409 transfert
728 1347 796 1409 ilico
819 1348 961 1428 Pyrrhus,

193 1433 247 1492 Vix
270 1432 347 1492 bene
370 1435 536 1508 contigerat
559 1433 711 1510 Pergama,
735 1442 820 1512 porta
842 1440 934 1512 patet.
1067 1443 1120 1492 350

151 1519 217 1578 lllox
240 1525 424 1590 reseratores
446 1535 499 1595 pro
523 1519 748 1578 conservamine
770 1536 887 1579 ramum

138 1636 144 1650 ·
193 1605 216 1662 Α
238 1599 353 1681 Pyrrho
376 1602 457 1680 pacis
479 1601 682 1681 praesidiique
704 1603 814 1662 lerunt.

151 1687 189 1747 Se
212 1702 408 1765 quaecunque
431 1684 536 1747 domus
558 1687 642 1762 signo
665 1688 839 1746 cristaverat
860 1687 932 1754 isto;

198 1769 328 1849 Pyrrhus
336 1771 406 1843 ‚ait3
430 1769 510 1831 nulla
533 1788 587 1850 per
610 1778 788 1831 nocumenta
811 1769 905 1838 cadet,

152 1857 325 1930 vosigitur
349 1862 442 1914 vestra
467 1863 640 1934 vestrosque
662 1856 800 1933 reponite
823 1862 884 1914 tuto
1067 1864 1119 1912 333

196 1939 234 2000 Ut
257 1957 307 1999 vos
331 1947 486 1999 conservet
508 1940 604 2017 pactio
628 1940 703 2000 lacta
727 1939 801 1999 loco.

378 2117 673 2187 [CONTEMPLATIO
692 2116 890 2186 AUCTORIS]

152 2239 239 2307 Urbs,
262 2240 355 2320 stylus
378 2247 539 2300 extremam
564 2239 648 2318 cujus
668 2240 728 2319 jam
752 2241 899 2320 scriptitat
920 2239 1034 2309 horam,

195 2328 254 2386 Arx
276 2342 390 2403 regum,
414 2342 574 2404 procerum
596 2343 671 2404 quae
694 2322 752 2385 luit
774 2333 862 2404 atque
885 2324 1005 2395 ducum,

153 2409 248 2479 Quam
272 2411 347 2469 situs
368 2410 433 2488 ipse
455 2409 523 2478 loci,
548 2426 635 2485 quam
659 2426 760 2469 rerum
784 2410 868 2487 copia
890 2407 985 2487 major

200 2492 320 2562 Extulit,
345 2501 432 2572 atque
455 2493 597 2570 frequens
620 2510 723 2554 rumor
745 2493 781 2553 ad
804 2501 882 2554 astra
907 2493 991 2554 tulit‘l
1069 2503 1121 2552 333

154 2578 234 2637 Η333
256 2576 355 2655 ajunt,
379 2577 458 2656 quod
481 2576 536 2638 sub
559 2576 707 2638 Abraham
730 2585 912 2647 constructa,
936 2576 991 2638 sed
1013 2576 1119 2638 abdon

200 2661 245 2722 Sit
267 2661 346 2739 quod
369 2660 424 2721 sub
447 2670 550 2723 nostro
570 2661 670 2740 judice
692 2668 782 2722 strata
805 2661 878 2731 solo,

154 2745 192 2805 Et
214 2754 284 2805 sunt
306 2744 357 2823 qui
380 2745 479 2806 dicant
501 2745 577 2806 hanc
599 2746 764 2807 surrexisse
786 2745 842 2806 sub
866 2744 961 2815 Aioth,

195 2829 251 2900 Qui
276 2831 417 2909 pinguem
440 2829 534 2892 valido
558 2828 679 2890 vulnere
700 2831 763 2890 fixit
785 2828 893 2905 Eglon;

153 2914 191 2974 Et
212 2915 337 2974 fortasse
352 2913 454 2993 legens
477 2917 520 2975 sic
542 2914 629 2984 dicet,
654 2933 707 2975 cur
730 2914 795 2973 33113
817 2921 921 2975 auctor
1003 2978 1011 2998 x
1065 2923 1117 2973 333

197 2998 228 3057 13
252 3016 399 3079 cameram
422 2999 513 3059 studii
535 3000 640 3059 Troica
664 2998 741 3059 bella
764 2998 838 3058 sibi?

222 3204 280 3252 339.
299 3203 340 3251 40.
360 3199 480 3252 (31331333.
499 3199 577 3250 Alex.
595 3200 646 3262 Ill,
665 3202 723 3252 463.
742 3202 775 3250 64

222 3269 339 3333 Tempus
358 3273 418 3317 erat
435 3267 548 3317 dubiam
567 3283 668 3333 cogens
686 3266 841 3333 pallescere
858 3268 958 3330 lucem,

222 3336 274 3386 cui
291 3350 380 3400 neque
398 3333 444 3384 lux
462 3349 551 3399 neque
569 3350 624 3385 nox
642 3335 758 3400 imponit
775 3350 873 3386 nomen
890 3339 1045 3398 utrumque.

150 3406 210 3454 340.
228 3402 317 3453 schol.
337 3402 536 3467 crepusculum.
579 3404 637 3454 aaa.
655 3417 762 3466 margo:
781 3406 876 3454 noster
888 3401 1043 3466 dicitquod
1056 3406 1123 3452 tem-

75 3526 77 3531 ,
134 3470 259 3532 poribus
270 3468 404 3536 judicum
418 3485 502 3538 quum
521 3474 598 3524 33333
610 3470 708 3522 Aleion
723 3468 961 3533 ’333133333333333
972 3474 1015 3519 est
1027 3466 1122 3533 Troia.
