2378 3810
114 141 176 204 142
424 143 487 194 uso.
507 145 539 194 v.
568 159 594 195 v.
612 145 756 195 ers-au.

156 293 281 355 Fraudis
303 294 448 373 adaptasti
470 293 594 373 pollice?
631 293 716 354 Tune
739 293 831 355 duos?

112 379 146 448 0,
171 379 222 454 qui
244 376 379 438 militiam
402 376 515 438 violasti
538 376 651 457 perfide
673 376 772 438 miles!

156 461 302 522 Perfidiae
325 461 418 531 miles,
442 461 623 540 militiaeque
644 462 722 521 lues!

112 545 231 607 Fallere
253 545 425 606 credentem
447 563 507 606 non
531 554 574 606 est
596 564 720 625 operosa
743 545 889 617 Quiritem

159 628 267 700 Gloria,
290 629 461 709 simplicitas
483 631 572 708 digna
595 631 695 690 lavore
718 631 782 690 luit.

28 750 39 775 ι
112 713 299 792 Simplicitas
325 717 430 791 auriga
452 713 522 787 doli,
547 714 714 792 praetendit
737 732 868 774 autorem

153 797 283 859 intendit
304 808 445 866 mortem;
469 800 512 858 sic
535 815 589 876 ego
611 799 704 877 perdo
726 808 852 877 patrem.

114 881 285 959 Ingreditur
306 885 408 942 lanum
432 884 586 962 nescitque
608 882 701 942 latere
723 884 881 961 profanum

154 967 191 1027 Et
212 966 332 1046 plenum
355 965 460 1044 gladiis
482 965 658 1045 insidiisque
681 967 790 1027 locum.

113 1049 257 1111 Providus
279 1052 432 1111 incautum
456 1052 576 1128 conligit
598 1055 718 1127 apertus
740 1060 887 1129 apertum,

157 1138 290 1214 Aequum
314 1136 357 1194 vir
379 1152 516 1212 nequam,
539 1138 645 1195 noxius
667 1137 857 1195 innoccuum.

112 1218 178 1280 Non
200 1220 322 1298 impune
345 1228 443 1280 tamen
466 1218 578 1297 gladios
601 1237 721 1280 movere
744 1218 871 1289 dolosos,

153 1302 226 1363 Pars
249 1301 336 1373 hona,
361 1323 421 1367 non
444 1306 538 1365 sentis
560 1321 631 1364 ense
652 1302 737 1364 luere
758 1301 851 1364 dolos.

111 1387 155 1448 Ad
178 1405 303 1466 superos
325 1387 446 1448 sustollo
470 1405 575 1448 manus
598 1396 627 1448 et
649 1386 781 1466 postulo:
805 1387 911 1451 vindex

154 1470 300 1548 Diguetur
322 1475 396 1533 tanti
418 1473 536 1551 Jupiter
559 1490 623 1553 esse
645 1471 732 1540 mali;

112 1555 231 1634 Jupiter
253 1574 269 1614 a
292 1555 380 1616 nobis
402 1564 463 1616 tam
486 1558 574 1617 noxia
597 1557 720 1616 crimina
744 1552 844 1634 pellat,

155 1639 194 1700 Ut
215 1639 292 1699 bona
316 1640 383 1718 quis‘
403 1648 505 1700 voveat
526 1640 667 1719 lrausque
689 1638 884 1700 subintereat.

109 1724 226 1802 Jupiter
246 1725 277 1783 in
300 1740 400 1784 mores
421 1724 494 1804 mihi
516 1724 566 1784 det
588 1724 702 1784 calcare
724 1732 873 1800 paternos,

154 1807 193 1868 Ut
216 1808 325 1868 valeam
349 1810 413 1869 lieri
436 1811 528 1887 patris
551 1811 648 1885 imago
672 1809 744 1884 mei3

113 1891 202 1952 Cuius
226 1892 359 1953 militiam
382 1893 486 1953 mnndi
508 1910 562 1969 per
585 1893 702 1953 climata
725 1901 838 1970 septem
944 1931 948 1938 .

152 1976 262 2037 Detulit
286 1985 315 2036 et
336 1983 418 2053 gesta
440 1980 529 2037 l'ortia
552 1978 629 2036 lama
650 1976 768 2052 loquax.

111 2060 181 2119 Sola
202 2063 279 2119 mori
302 2062 397 2120 nescit
419 2061 536 2138 eclipsis
558 2060 657 2120 nescia
680 2061 783 2129 virtus,

154 2143 286 2223 Corpore
308 2144 450 2205 defuncto
473 2145 568 2221 vivere
590 2145 667 2203 lacta
688 2142 793 2205 solent.

109 2225 254 2288 Felicem!
277 2230 362 2288 cuius
384 2226 515 2288 resoluto
538 2245 663 2306 corpore
686 2226 772 2288 claris

153 2310 302 2372 Laudibus
325 2311 469 2373 extulerit
490 2330 579 2372 aurea
602 2312 678 2373 lama
702 2312 775 2372 dies.

109 2394 229 2472 Absque
251 2414 335 2456 mora
355 2398 481 2458 ruimus.
518 2396 645 2457 iluimus
667 2396 766 2457 nunc?
788 2413 888 2456 noune
912 2393 1052 2456 videmus
1113 2429 1116 2435 ·

155 2477 262 2549 ania
285 2482 413 2541 transire
436 2499 520 2542 more
544 2479 669 2540 labentis
691 2479 808 2558 aquae?
1025 2487 1080 2538 340

110 2563 253 2636 Vivimus,
278 2572 309 2623 ut
331 2582 481 2644 nunquam
504 2583 595 2625 sensu
618 2581 772 2625 careamus
794 2581 909 2625 amaro:

176 2748 235 2798 316.
266 2763 375 2813 margo:
394 2748 533 2798 invehitur
549 2749 579 2797 in
596 2747 731 2803 Paridem.
817 2751 876 2799 317.
894 2745 989 2798 'ovid
1008 2747 1080 2802 Her.

108 2814 146 2876 11,
165 2815 208 2877 63,
226 2815 274 2864 ubi
292 2820 384 2866 tamen
401 2831 451 2880 pro
470 2817 610 2878 Quiritem,
628 2815 757 2879 puellam.
826 2817 886 2870 323.
902 2829 1012 2878 margo:
1032 2829 1079 2865 ar-

108 2886 198 2932 matus
215 2881 354 2933 inermem.
423 2886 481 2935 336.
500 2885 541 2936 36.
563 2882 673 2933 Gualth.
692 2882 770 2937 Alex,
788 2883 835 2946 vl,
854 2883 913 2933 336.
933 2883 976 2933 36.

209 2951 309 3000 Vivere
327 2966 376 3014 per
394 2950 496 3000 famem
514 2949 626 3000 dabitur
644 2955 706 3016 post
724 2950 785 3000 fota
803 2949 931 3016 sepultis,

210 3016 276 3067 Sola
293 3019 362 3068 mori
379 3018 470 3068 nescit
489 3017 602 3083 eclipsis
620 3020 716 3069 nescia
735 3020 834 3068 virtus.

108 3081 291 3133 Conseruntur
309 3085 343 3134 ob
362 3100 474 3136 sensum
492 3091 641 3149 sequentes
660 3100 756 3136 versus
775 3092 803 3135 et
820 3084 882 3145 Vll,
900 3084 959 3135 366.
982 3085 1024 3135 67.

209 3151 269 3201 Hoc
288 3152 375 3202 solum
392 3153 514 3202 solamen
532 3154 615 3214 inest,
634 3153 705 3218 quod
725 3152 815 3218 gloria
832 3156 948 3201 mortem

208 3219 314 3282 Nescit,
334 3225 362 3269 et
378 3235 506 3270 occasum
524 3235 579 3271 non
596 3221 682 3271 sentit
700 3221 775 3269 loma
793 3225 944 3286 superstes.

106 3287 165 3338 337.
185 3286 268 3336 elaris
286 3301 301 3334 e
318 3289 441 3353 margine
460 3287 629 3350 preclarus.
714 3289 772 3338 338.
792 3287 937 3337 Scholion:
955 3284 1080 3350 pluralis

106 3368 249 3403 numerus:
277 3354 345 3404 dies.
448 3357 520 3406 340..
539 3356 589 3407 Ov.
607 3355 659 3405 Ars
677 3358 767 3405 Amat.
787 3354 843 3416 ΙΙΙ,
862 3356 894 3404 63
923 3358 992 3404 eunt
1009 3355 1081 3406 anni

11 3432 16 3441 ·
106 3435 180 3470 more
198 3422 309 3471 fluentis
328 3437 424 3486 aquae.
