2378 3810
404 155 469 206 utu.
488 153 526 206 11.
560 169 588 208 v.
611 155 721 208 oe-or.
1006 153 1047 216 41

87 308 222 383 llagnus,
245 305 401 376 facundus,
423 306 557 383 prudens
577 307 779 383 Agamemnon
803 314 834 366 et
855 305 948 381 albus,

126 390 241 454 Nobilis
263 397 292 450 et
314 390 397 451 dives
418 389 647 469 pervalidusque
669 392 734 451 luit.
1014 400 1047 448 60

84 477 222 537 Staturae
244 474 361 535 mediae
382 474 535 536 Menelaus
557 473 703 545 amabilis,
728 482 822 554 aptus,

127 560 231 628 liuius,
255 559 404 619 formosus
426 564 455 618 et
477 559 555 619 bene
577 567 680 636 gratus
702 566 775 620 erat.

84 642 234 723 Improba,
257 642 397 703 mobilior
419 642 501 712 lolio,
524 643 656 704 Ledaea!
678 643 791 704 caduco

128 728 194 790 Non
216 734 336 807 poteras
357 734 439 788 tauto
461 726 518 787 lida
542 745 664 788 manere
687 729 759 788 viro.

85 815 200 874 Aeneas
221 811 306 872 rulus
328 810 460 880 affabilis,
484 831 537 873 ore
558 821 708 881 venustus,

128 896 237 966 Fortis,
259 894 417 965 lacuudus,
441 894 619 975 consiliique
642 897 730 965 scius,

84 983 183 1059 Nigris
204 978 341 1042 laudatur
363 978 467 1049 oculis,
491 981 544 1040 sed
567 979 707 1041 alacriter
728 978 788 1040 illis

126 1063 225 1126 Utitur
247 1072 281 1130 ul
301 1062 414 1133 ridens,
437 1067 484 1125 vir
505 1067 584 1144 pius,
606 1067 668 1125 imo
690 1064 808 1124 decens.

85 1153 217 1212 Antenor
239 1148 355 1226 longus,
378 1146 506 1225 gracilis,
528 1157 675 1217 versutus,
699 1157 827 1208 acutus¹

128 1235 187 1302 Est,
211 1234 306 1311 agilis,
328 1233 422 1301 velox,
447 1232 585 1309 providus
607 1240 695 1312 atque
718 1231 812 1293 dicax.

86 1318 146 1380 Ore
168 1325 311 1378 venustus
334 1325 398 1378 erat
420 1325 451 1376 et
472 1325 595 1396 pectore
617 1333 744 1394 magnus
767 1315 897 1378 Achilles

126 1398 275 1465 Strenuus
297 1408 327 1462 et
347 1400 459 1471 hilaris,
482 1401 651 1480 dapsilitate
673 1400 780 1463 libens.

84 1486 216 1566 llyrteus
238 1487 269 1545 in
292 1487 384 1555 crine,
408 1486 547 1555 clemens,
572 1489 737 1547 acerrimus
759 1487 860 1554 armis,

129 1571 261 1649 Crispus,
284 1587 449 1634 amorosus
472 1569 594 1647 grandia
616 1572 698 1631 ferre
719 1569 803 1631 levis.

85 1654 213 1735 llapsilis
235 1661 265 1716 et
286 1655 420 1733 prudens
442 1654 606 1724 Patroclus,
630 1672 757 1734 corpore
778 1653 905 1735 pulcher

128 1738 224 1800 Corde
245 1738 294 1818 pio
316 1756 418 1819 pacem
441 1741 532 1816 gessit
555 1745 584 1798 et
606 1756 658 1798 ore
680 1738 778 1801 auem.

84 1824 151 1902 lpse
174 1822 391 1901 smaragdineis
413 1822 507 1884 oculis
530 1823 704 1903 magnisque
727 1822 863 1891 decorus.

128 1906 169 1968 Os
190 1907 254 1967 siue
277 1915 377 1968 mente
399 1906 508 1985 loquax
530 1907 662 1967 creditur
684 1924 750 1968 esse
772 1909 864 1968 nolas.

84 1991 190 2053 Clarus
213 2009 294 2064 voce,
317 1989 430 2062 valens,
454 1994 604 2053 formosus
626 1990 728 2053 Oileus
749 1989 830 2070 Ajax,

128 2075 242 2153 Corpus
264 2075 433 2144 deductum,
457 2076 592 2138 membra
613 2077 756 2156 quadrata
777 2076 845 2138 sibi.

84 2158 212 2226 vocalis,
235 2158 350 2220 validus
371 2162 441 2223 Aiax
465 2160 655 2223 Telamonius
677 2170 771 2230 atrox,

128 2242 269 2321 Simplex,
294 2248 442 2321 caesaries
464 2253 525 2308 tam
547 2248 643 2322 nigra,
667 2248 765 2325 crispa
787 2262 880 2305 corna.

86 2327 152 2389 Non
176 2326 323 2389 formosus
346 2339 409 2390 erat
431 2329 483 2390 sed
505 2337 572 2391 erat
593 2329 740 2391 lacuudus
761 2328 862 2391 Ulixes

129 2412 190 2474 Ore
212 2413 333 2493 quidem
356 2413 434 2475 laeto
456 2433 517 2476 non
540 2423 638 2475 tamen
661 2414 774 2492 absque
796 2412 874 2473 dolo.

84 2497 231 2558 Facturae
253 2497 368 2558 mediae
391 2500 447 2559 luit
468 2507 499 2560 et
520 2499 665 2578 sapientia
688 2496 780 2558 multa

81 2642 84 2646 ,
127 2580 232 2642 Cordis
255 2583 297 2650 ei;
320 2599 375 2643 cur
396 2582 454 2644 boc
476 2584 668 2661 praeteriisse
690 2581 797 2643 velim?

83 2662 161 2734 Quid
184 2664 222 2724 de
243 2667 373 2727 formosa
395 2667 491 2728 dicam
515 2666 668 2729 Briseide?
691 2664 826 2746 simplex.

128 2747 249 2820 blanda,
273 2750 451 2821 verecunda,
475 2751 611 2822 candida,
634 2760 752 2832 compta
773 2752 839 2812 luit.

83 2833 191 2893 Juncta
214 2835 382 2912 supercilia,
407 2835 511 2896 molles
532 2836 683 2915 flavosque
706 2834 831 2914 capillos

127 2916 243 2996 Corpus
265 2926 294 2978 et
316 2921 450 3018 aequale,
473 2920 584 2981 lumina
607 2918 686 2981 clara
709 2918 813 2999 probo.
1015 2923 1049 2972 90

83 2999 252 3062 Debueram
275 3006 422 3082 posuisse,
445 3005 525 3081 quod
548 3005 623 3065 baec
645 3003 769 3065 affabilis
791 3010 870 3063 esset

69 3202 76 3213 1
153 3239 196 3289 70.
215 3237 282 3289 Cod.
300 3239 389 3290 volox.
458 3241 501 3291 73.
518 3239 617 3291 Dares.
637 3237 739 3306 capillo
756 3242 872 3318 myrteo.
891 3238 982 3288 Iscan.
1000 3232 1048 3294 1v,

82 3306 132 3357 111
161 3320 239 3356 coma
265 3307 400 3371 myrthae.
434 3307 567 3358 Fortasse
591 3313 651 3357 erat
678 3307 755 3358 color
781 3306 922 3372 nigricans
947 3304 978 3352 ut
1004 3314 1049 3364 ap.

81 3373 202 3426 Pbilost.
230 3373 299 3429 Her.
328 3373 366 3428 11.
397 3375 421 3435 §-
439 3377 518 3440 20p
520 3376 596 3426 ,690
621 3379 678 3426 not.
706 3374 792 3425 6.13.
824 3372 881 3437 (ed
909 3365 1048 3431 Olearius)

80 3430 244 3508 duseeblvq
261 3431 367 3508 κόμη.-
415 3443 456 3494 78.
475 3442 596 3494 creditur
613 3458 663 3508 pro
681 3442 786 3494 codicis
804 3440 925 3492 ceditur.
