2378 3810
106 153 172 202 vm
529 138 682 189 Praelatio.

106 290 185 352 herti
207 290 307 368 prodit
329 293 417 351 etiam
441 288 594 368 catalogus
615 290 755 368 antiquus
770 288 977 352 'bibliothecae
998 290 1079 352 Bor·

107 373 337 437 desholmiensis
361 372 428 455 (lib.
451 376 502 435 eit.
518 393 547 453 p.
565 369 616 451 39)
640 373 772 434 codicem
795 392 875 435 nunc
897 373 1077 457 Guelferby-

108 469 211 521 tanum
234 457 289 520 sub
311 459 367 520 litt.
392 460 428 521 G.
454 475 501 519 nr.
526 455 575 519 18.
599 474 852 519 commemorans:
887 457 1078 539 „Philippioe

109 542 210 605 Tullii.
255 541 381 623 Troylua
408 540 523 602 Alberti
555 541 673 603 abbatis
706 542 873 603 stadensis“
905 543 1076 623 inscriptio·

110 626 215 688 nibus:
243 626 344 698 „liber
373 633 494 687 sanctae
521 626 632 688 Mariae
659 627 690 687 iu
713 626 1000 687 Novomonasterio“
1024 645 1076 690 or·

107 721 220 776 natum.
265 711 364 772 Codex
385 712 478 789 igitur
497 708 557 787 jam
581 707 895 780 anteannum1332‚
920 727 979 788 quo
995 728 1077 774 anuo

109 796 299 875 praepositus
326 795 466 855 Hirricus
493 793 669 872 Swineborg
698 802 874 856 conventum
896 795 1074 856 Novimona·

108 880 193 940 sterii
214 878 463 940 Bordesholmum
486 877 669 957 transposuit
697 878 753 939 sub
774 878 832 939 hoc
854 878 941 940 titulo
965 887 995 938 et
1017 880 1075 941 lrac

106 964 304 1040 inscriptione
333 963 411 1023 inter
445 960 540 1023 libros
567 963 694 1023 Sanctae
722 962 831 1023 Mariae
863 964 894 1022 in
922 962 1075 1024 Holsatiae

107 1046 189 1108 Novo
212 1046 394 1108 Monasterio
417 1046 640 1109 adservabatur.

192 1131 339 1208 carmini,
368 1131 448 1210 quod
479 1148 610 1192 scanno
635 1127 718 1192 1249
741 1131 906 1192 coniecisse
928 1132 960 1190 in
982 1149 1074 1210 supra

107 1217 280 1276 memoratis
313 1215 448 1275 versibus
478 1224 582 1275 auctor
610 1217 676 1292 ipse
704 1217 758 1285 ait,
793 1217 937 1295 imposuit
960 1233 1070 1276 nomen

106 1296 198 1358 Troili
232 1305 262 1359 et
294 1306 416 1377 propter
449 1296 558 1358 bellum
591 1297 753 1378 Trojannm
788 1308 818 1359 et
845 1299 924 1376 quod
952 1299 1074 1361 Troilus

106 1381 184 1443 filius
205 1381 303 1442 luerat
323 1381 450 1442 Priami:

150 1464 289 1536 „Troilus
312 1475 357 1527 est
378 1465 499 1526 Troilus
520 1465 651 1545 Trojano
673 1467 810 1545 principe
833 1475 929 1561 natus,

194 1549 232 1609 Et
252 1549 329 1610 liber
353 1558 396 1611 est
418 1550 537 1611 Troilus
560 1550 598 1610 ob
622 1550 728 1610 Troica
751 1549 827 1611 bella
843 1532 1002 1619 vocatus‘t

110 1634 162 1712 qui
183 1651 286 1694 versus
307 1634 338 1694 iu
360 1636 419 1695 fine
441 1634 586 1712 prooemii
609 1641 640 1694 et
665 1633 736 1695 libri
757 1636 849 1696 totius
870 1637 1074 1699 inveniuntur

107 1719 215 1779 Totum
238 1735 370 1787 carmen,
393 1718 524 1794 exceptis
540 1721 687 1795 prooemii
703 1727 733 1779 et
748 1727 991 1798 argumentorum
1006 1733 1074 1781 ver-¹

112 1801 195 1864 sibus
216 1810 313 1864 metro
331 1801 452 1863 heroico
468 1804 650 1881 compositis,
673 1803 804 1880 elegiaco
819 1811 915 1864 metro
930 1805 1073 1882 scriptum

109 1884 270 1965 Trojanum
298 1893 328 1948 et
359 1887 542 1948 Graecorum
570 1885 699 1964 proelia,
727 1887 894 1967 Trojaeque
922 1889 1073 1950 excidium

109 1973 244 2032 continet
274 1969 361 2031 libris
397 1988 463 2040 sex,
498 1970 635 2031 versibus
655 1967 741 2032 5320
770 1978 804 2031 ut
829 1978 917 2049 poeta
944 1975 1010 2051 ipse
1033 1975 1074 2034 ait

108 2052 169 2134 (lib.
193 2054 276 2114 Vlv.
301 2050 363 2115 735
379 2053 470 2133 sqqa)

149 2139 229 2208 „Tot
251 2139 357 2216 positis
378 2137 512 2199 numeria
536 2138 623 2197 etiam
646 2137 772 2198 fortasse
795 2139 932 2217 requiris,

192 2221 321 2283 Currere
342 2221 498 2282 versiculis
520 2230 594 2297 quot
614 2220 693 2281 liber
715 2223 771 2282 iste
794 2223 877 2290 velit;

150 2307 201 2366 Bis
224 2307 308 2367 denis
331 2305 407 2366 addc
429 2312 595 2367 tercentum
618 2305 710 2366 millia
733 2307 874 2385 quinque,

193 2389 256 2450 lloo
278 2408 403 2451 numero
426 2397 524 2451 textus
546 2391 656 2451 texitur
678 2389 853 2452 historiae·‘.

193 2472 257 2544 Qua
288 2492 391 2545 cansa,
424 2475 482 2536 hoc
509 2483 542 2535 ut
569 2480 690 2536 carmen
713 2473 816 2543 iaciat,
850 2482 1002 2555 permotus
1024 2477 1073 2552 sit,

106 2557 169 2635 ipse
193 2559 282 2618 etiam
305 2567 406 2620 narrat
430 2558 490 2637 (lib.
514 2558 551 2620 Vl
574 2578 599 2621 v.
623 2555 687 2620 365
702 2562 795 2637 sqq.):

149 2642 208 2717 „Et
230 2641 355 2702 sortasse
377 2642 480 2720 legens
503 2644 546 2702 sic
568 2643 655 2712 dicet,
680 2661 734 2704 cur
756 2643 823 2704 tulit
844 2652 947 2704 auctor

192 2725 224 2785 ln
247 2743 396 2786 cameram
419 2725 510 2787 studii
532 2727 638 2786 Troica
662 2724 739 2786 bella
762 2726 840 2788 sibi?

26 2839 30 2846 ·
149 2809 215 2871 Non
238 2817 362 2889 propter
383 2809 503 2890 Trojam
527 2810 689 2889 Trojanum
711 2809 845 2871 scribere
868 2810 979 2872 bellum

191 2895 250 2954 Aut
271 2895 371 2974 coepit
393 2893 543 2973 Phrygum
567 2893 727 2954 sollicitare
749 2893 866 2974 stylum,

149 2976 209 3038 Sed
231 2977 338 3038 duetus
359 2975 485 3038 meliore
508 2981 552 3038 via
575 2995 768 3056 compescere
789 2995 897 3058 pravos

190 3060 227 3121 Et
248 3078 368 3123 servare
390 3061 439 3121 dei
462 3061 523 3121 iult
544 3064 576 3122 in
598 3079 699 3122 amore
722 3061 825 3122 honos.

150 3146 239 3207 Grata
261 3144 390 3206 medulla
413 3146 487 3206 latet
508 3145 589 3204 omni
611 3144 667 3204 sub
690 3147 802 3205 cortice
825 3161 937 3213 rerum,

191 3229 229 3289 ldt
250 3227 390 3290 nucleum
414 3226 490 3288 celat
512 3226 594 3288 arida
617 3235 692 3288 testa
715 3226 836 3288 bonum.

148 3313 208 3374 Nos
230 3312 318 3374 docet
340 3311 481 3382 Herodes,
495 3313 582 3382 siout
604 3312 737 3389 Baptista
760 3310 920 3380 lohannes,

189 3397 296 3459 Erudit
317 3399 373 3458 iste
394 3397 500 3472 honos,
523 3398 642 3458 territat
662 3396 719 3456 iste
741 3393 850 3464 malos;
