2378 3810
1037 122 1056 184 7

91 275 266 338 assumserit
282 281 310 334 et
326 271 492 351 subjungit:
518 282 680 350 „certaque
696 281 775 335 cic.“
799 273 959 336 haerebam
981 284 1054 336 tem·

91 377 164 441 pore
195 360 283 438 longo
312 355 458 436 pendulus
488 365 516 418 et
543 357 651 419 dubius
678 376 736 436 quo
758 362 857 438 potius
879 377 1005 420 numero
1028 368 1057 422 et

90 453 187 506 metro
202 461 251 505 res
274 462 308 503 ea
331 460 384 503 seu
407 444 530 502 materia
555 445 703 511 transiret,
719 445 854 503 maxime
877 462 943 504 oum
967 461 1056 524 quae·

92 529 164 591 libet
192 547 266 590 nova
296 546 346 589 res
379 534 503 607 propter
536 527 652 587 invidos
680 535 811 588 transcat
840 528 999 590 difficulter
1028 537 1058 590 et

91 616 179 675 etiam
211 622 337 693 propter
373 612 447 673 aiios
476 612 640 680 auditores,
676 613 754 672 unde
783 612 923 677 Horatius
952 610 999 695 [Α.
1023 614 1055 674 P.

89 719 115 761 v.
139 695 202 758 274

117 806 120 810 ·
155 695 391 861 Legitimumque
414 799 519 841 sonum
543 780 642 858 digitis
664 779 806 842 callemus
829 789 858 841 et
881 779 981 862 aure¹)

92 878 122 929 et
143 867 230 947 paulo
253 875 321 928 ante
345 865 384 947 [v.
409 863 479 926 104.
506 862 580 946 105]

534 949 610 1010 mala
633 953 657 1010 si
679 950 817 1010 mandata
839 951 971 1027 loqueris

157 1037 215 1096 dut
237 1034 413 1104 dormitabo,
438 1040 488 1093 ant
509 1033 624 1094 ridebo.

177 1121 212 1181 Et
234 1120 291 1180 boo
315 1137 434 1199 quoque
458 1120 551 1196 tangit
573 1125 678 1179 auctor
707 1119 737 1179 in
760 1121 897 1197 proemio
920 1138 988 1180 oum
1012 1119 1055 1180 di-

92 1207 147 1266 cit:
177 1213 227 1275 „et
255 1221 373 1284 semper
401 1221 476 1265 nora
498 1221 547 1263 rcs
570 1204 664 1282 tangit
686 1210 715 1263 et
737 1203 852 1264 invidos
874 1207 926 1283 qui
950 1212 1055 1265 cuneta

92 1307 168 1368 quae
195 1288 320 1350 audiunt
347 1297 397 1349 aut
418 1287 616 1358 subsannant,
647 1296 697 1349 aut
720 1290 909 1367 supprimunt
932 1296 982 1349 aot
1004 1288 1055 1349 de-

90 1381 230 1454 pravant:
253 1374 327 1434 dicit
348 1391 470 1453 nempe;
499 1372 574 1433 livor
596 1375 676 1434 iners
698 1380 754 1433 etc.
799 1373 912 1433 Deinde
935 1382 1057 1434 excusat

94 1477 126 1519 se
157 1459 193 1519 de
221 1467 318 1520 metro
347 1461 408 1518 sive
435 1465 623 1538 pentametro
651 1457 768 1527 dicens,
804 1457 882 1536 quod
906 1457 958 1519 tali
979 1458 1057 1537 pede

92 1545 198 1604 merito
221 1542 314 1604 scribi
337 1542 466 1604 debeant
488 1541 561 1603 tales
584 1544 721 1604 miserias
743 1543 782 1602 ita
807 1541 1003 1604 concludens:

489 1635 571 1704 gesta
595 1629 761 1688 miserrima
785 1626 884 1687 scribo

154 1710 190 1771 Et
213 1719 327 1788 strages
349 1713 473 1772 miseras
496 1719 552 1771 etc.

160 1910 187 1978 1)
206 1917 310 1964 nostor:
331 1930 422 1967 aureo.
