2378 3810
113 186 174 251 134
439 190 502 240 Lib.
521 191 553 239 r.
584 205 609 239 v.
630 190 756 240 rr-roo.

111 341 164 402 His
188 342 321 402 numeris
344 359 377 402 se
399 337 562 401 dissociant
584 342 756 420 sociantque
780 342 917 410 vicissim,

154 425 229 486 Sunt
251 426 281 485 in
307 426 446 495 amicitia,
471 432 540 485 sunt
563 426 682 486 inimica
705 435 815 486 temen.

110 511 149 571 Et
171 512 305 586 quamvis
328 511 424 589 spatio
446 509 566 578 distent,
591 516 689 569 temen
713 508 810 568 omnia
835 509 911 570 irunt.

152 593 300 663 Quattuor
325 612 359 653 cx
383 595 457 662 istis,
481 610 585 654 rursus
607 595 637 653 in
661 596 724 670 ipsu
748 593 866 652 eadunt.

112 679 161 740 Sic
183 678 255 738 licet
277 678 355 754 ignis
377 695 482 756 aquom
506 693 624 753 semper
646 677 825 746 contrarius,
848 677 956 737 immor

154 761 257 822 Omnis
279 761 434 823 sensibiles
456 779 506 821 res
528 769 611 823 creat
634 768 722 837 atque
745 760 836 821 color.

112 846 211 907 Altum
234 845 351 906 llcmmn
375 848 459 926 petit,
482 847 604 925 propior
626 844 709 904 locus
731 863 799 906 aere
823 847 910 924 cepit,

154 929 303 991 Sederunt
326 931 424 991 medio
448 937 527 990 terre
550 931 721 1008 fretumque
744 928 817 990 loco.

111 1014 150 1074 Se
173 1015 307 1090 graviore
331 1013 430 1074 lerant
452 1012 611 1074 levioribus
634 1021 663 1074 ot
685 1014 796 1074 leviora

154 1098 276 1160 Pacifico
300 1098 362 1177 lym
385 1116 438 1179 per
461 1101 596 1176 graviora
619 1106 751 1176 gravant.

110 1180 211 1243 Tellus
234 1185 358 1244 rarescit
382 1187 412 1244 in
436 1186 530 1262 cquis,
553 1201 627 1263 equa
651 1183 684 1243 tit
706 1183 780 1242 levis
803 1200 864 1250 cer.

152 1271 210 1327 Aer
232 1285 324 1346 purus
347 1276 421 1340 eret,
444 1270 550 1346 purior
572 1268 648 1344 ignis
671 1268 738 1327 erit.

111 1350 222 1411 Ordine
246 1368 389 1411 converso
411 1352 491 1411 redit
512 1350 589 1428 ignis
612 1353 642 1411 in
666 1367 733 1411 aera
758 1351 893 1415 densum.

155 1434 263 1494 Hicin
287 1451 389 1511 aquas,
412 1453 532 1495 rursum
556 1443 636 1494 terra
659 1442 780 1495 creetur
802 1453 887 1514 equa.

110 1518 151 1579 Ex
176 1514 243 1578 aliis
267 1518 340 1579 alias
364 1528 485 1598 reperet
508 1526 613 1579 natura
636 1519 746 1596 figuras

156 1601 268 1663 Cuncta
293 1620 392 1672 noras,
416 1605 533 1681 species
555 1621 612 1663 nec
634 1621 686 1663 suc
709 1604 817 1682 cuique
840 1611 948 1672 manet,

109 1685 171 1747 Nec
193 1687 271 1766 perit
292 1688 323 1746 in
345 1695 409 1748 toto
433 1687 604 1767 quidquem,
629 1687 702 1747 mibi
726 1688 849 1757 credite,
872 1687 997 1756 mundo;

152 1770 210 1831 Sed
235 1769 340 1831 facicm
364 1773 455 1832 rurist
480 1778 510 1832 et
532 1779 619 1832 novat
641 1789 707 1832 esse
729 1790 826 1832 suum.

110 1854 206 1924 Quum
229 1855 262 1916 lit
284 1873 333 1915 ros
356 1854 445 1923 eliud,
469 1874 559 1937 quam
582 1855 660 1936 quod
684 1855 739 1916 luit
761 1863 839 1925 ente,
864 1863 986 1916 crocatur
1046 1866 1080 1914 95

151 1938 249 2009 Nasci,
276 1941 326 2000 sed
351 1940 469 2020 quondo
492 1942 603 2001 desinit
626 1957 700 2010 esse,
724 1940 808 2001 mori.

109 2022 202 2083 Totus
224 2024 273 2085 bic
297 2042 311 2083 a
336 2026 452 2085 numeri
475 2026 592 2085 ratione
615 2025 760 2084 retexitur
782 2024 868 2092 ordo,

152 2107 206 2166 llic
228 2107 321 2167 veluti
345 2107 469 2193 pulchre
492 2107 617 2187 pulcbrc
640 2115 737 2188 tapete
761 2108 877 2169 docent.

337 2270 571 2342 [DESCRIPTIO
590 2270 843 2340 AULAEORUMJ

108 2375 216 2436 Libera
241 2395 273 2437 se
298 2376 394 2436 studia
418 2384 585 2437 monstrent
607 2376 798 2456 septemplice
821 2395 902 2446 eura,

150 2460 246 2521 lntrat
269 2459 401 2523 Donatus
423 2461 672 2540 subsequiturque
694 2460 787 2530 Plato,
1028 2471 1081 2520 100

108 2543 233 2613 Rbetor,
257 2545 470 2615 arithmeticus,
493 2553 654 2624 geometer,
679 2547 819 2614 musicus,
842 2543 932 2610 Atlas,

152 2626 216 2696 Quo
242 2635 342 2688 monet
364 2627 495 2703 allectus,
520 2647 669 2708 quemque
692 2635 826 2690 moratur
849 2647 932 2708 opus.

110 2709 232 2773 Scilicet
258 2721 302 2773 est
324 2715 448 2792 cupidus
471 2714 635 2774 studiorum
659 2715 785 2794 quisque
809 2731 941 2789 snorum,

151 2796 266 2857 Ponere
290 2806 431 2859 consueta
454 2803 570 2877 tempus
592 2800 624 2859 in
647 2806 711 2858 crte
731 2797 821 2876 juret.

106 2879 159 2942 llis
181 2879 381 2942 subdividitur
403 2881 552 2961 physicus,
575 2884 750 2962 speciesque
772 2880 910 2943 salubres
1027 2892 1080 2941 105

150 2963 204 3025 llic
226 2972 355 3035 truncat,
377 2965 499 3028 morbos
521 2976 603 3028 sorte
626 2965 671 3027 vel
694 2973 758 3027 crte
781 2966 871 3044 luget.

114 3115 310 3124 ...ι-..-

175 3199 218 3250 83.
242 3201 284 3250 et.
313 3199 435 3250 Imitetio
455 3200 534 3251 Ovid.
553 3201 620 3252 Met.
638 3202 662 3263 1,
679 3202 712 3251 26
730 3215 791 3266 sqq.
868 3200 909 3252 86.
928 3197 995 3250 eod.
1014 3199 1081 3252 lire.

108 3267 166 3318 101.
178 3264 243 3318 cod.
256 3268 438 3317 adumetinus.
456 3268 536 3318 Atlas
555 3283 603 3333 pro
622 3268 806 3318 astronomico
824 3269 940 3332 ponitus.
976 3269 1036 3319 103.
1054 3271 1082 3319 4.

105 3333 158 3387 Or.
177 3333 259 3385 Pont.
278 3335 300 3396 1,
319 3337 345 3398 ὖ,
364 3337 405 3390 35.
422 3337 462 3390 36.

210 3401 329 3452 Scilicet
346 3407 389 3453 est
407 3401 521 3467 cupidus
540 3402 692 3453 studiorum
711 3403 829 3467 quisque
847 3415 957 3454 suenum

244 3469 366 3536 Tempus
385 3472 413 3520 et
431 3469 549 3521 adsueta
566 3486 668 3536 ponere
686 3471 715 3520 in
734 3475 794 3520 arte
810 3469 901 3535 juvet.
939 3472 948 3487 ⁸
