2378 3810
109 192 147 238 VI
517 158 674 231 Praelatio.¹
778 219 782 226 ,

111 329 195 390 Neue
234 327 428 408 Sammlung“
457 331 648 409 inseruimus,
679 338 873 391 enumeratur
903 329 958 392 sub
993 332 1070 410 sign«

110 413 143 473 F.
170 410 219 473 15.
246 411 307 491 (lib.
331 415 380 473 cit.
406 433 431 492 p.
453 411 503 493 37)
529 417 662 493 „Auriga
684 413 796 475 Alberti
819 414 935 476 abbatis
952 414 1070 477 Staden·

110 499 183 557 sis“.
218 497 332 559 Nomen
354 506 468 559 tantum
491 501 632 568 innotuit,
656 498 750 559 codex
772 500 836 578 ipse
860 500 973 578 periit·
1001 501 1070 580 Lap

111 581 245 660 penberg
271 582 367 660 (Perta
391 591 573 652 monument,
598 584 736 644 German.
760 583 795 642 Τ.
818 582 891 644 XVI.
914 580 978 644 272
1000 602 1067 664 sqq.

112 665 142 724 in
166 667 352 745 praefatione
375 666 516 728 editionis
532 667 682 727 annalium
698 665 921 728 Albertinorum
945 670 1070 747 suspica

109 758 157 808 tos
194 757 253 819 est,
290 768 400 810 nomeu
429 751 555 829 Aurigae
584 752 614 811 in
642 750 809 828 Quadrigae
841 752 1014 812 mutandum
1049 772 1066 814 e

59 870 61 873 -
110 833 147 893 ad
171 833 227 894 hoo
250 832 363 894 Alberti
387 851 508 896 carmen
534 834 692 896 referenda
720 854 799 904 esse,
829 852 906 914 quae
935 838 966 896 in
990 835 1070 897 chro·

110 918 179 977 uico
213 920 385 979 monasterii
418 918 667 980 Rosenveldensis
698 917 764 995 (clu.
788 919 864 998 Vogt
891 931 1068 982 monument

110 1018 170 1060 rer.
196 1001 334 1063 German.
354 999 436 1064 1740
458 1003 492 1062 Τ.
514 1003 527 1063 l
550 1023 578 1082 p.
597 999 679 1077 136.)
702 1003 739 1063 de
761 1003 898 1064 monachi
922 1004 1070 1084 cujusdan

113 1084 363 1148 Rosenveldensis
396 1089 520 1148 metrico
548 1086 637 1168 libro,
667 1090 719 1166 qui
747 1088 855 1151 dicitur
883 1085 1067 1166 „Quadriga‘

110 1179 288 1239 narrantur,
327 1172 426 1232 addito
463 1170 528 1232 loco
566 1191 602 1233 ex
638 1173 694 1232 hoc
728 1168 876 1249 Quadriga
909 1173 1067 1250 desumpto

111 1253 277 1332 Quadrigae
306 1272 414 1315 nomeu
443 1253 520 1316 liber
547 1256 617 1315 inde
645 1255 751 1325 trahit,
780 1255 859 1335 quod
889 1255 926 1316 de
949 1263 1071 1335 quatuor

111 1337 270 1414 evangeliis
293 1339 361 1416 agit.
408 1338 504 1399 Locus
534 1339 584 1399 ille
612 1338 753 1400 describit
779 1342 1002 1400 monasterium
1018 1341 1070 1401 Ro·

101 1417 249 1482 ¹senvelde
274 1422 469 1502 sequentibus
490 1422 652 1484 Albertinis
674 1421 832 1484 simillimis
854 1424 1004 1484 versibus:

155 1505 229 1574 „Est
251 1505 336 1568 locus
358 1525 373 1567 a
396 1507 493 1568 Roseo
516 1509 565 1586 qui
589 1509 678 1568 traxit
700 1510 821 1568 nomine
843 1526 961 1577 nomen,

151 1590 183 1649 ln
207 1591 302 1668 spatio
325 1594 479 1671 speciosus
502 1601 532 1651 et
553 1595 586 1651 in
608 1594 708 1673 specie
730 1594 885 1671 spatiosus,

152 1674 246 1744 Quem
269 1677 343 1736 situs
366 1679 430 1754 ipse
452 1675 519 1745 loci,
544 1694 632 1756 quem
655 1694 755 1737 rerum
779 1677 864 1755 copia
888 1684 1043 1746 monstrat,

151 1758 245 1828 Quem
254 1760 401 1821 Comitum
414 1760 570 1840 praelarga
582 1779 696 1832 manus,
710 1779 798 1840 quem
811 1761 927 1822 culmen
940 1762 1069 1822 honorat

151 1842 245 1912 Quem
268 1847 365 1923 pietas
387 1845 558 1916 Procerum,
582 1865 671 1926 quem
697 1848 783 1906 vestit
805 1843 898 1922 gloria
921 1844 1048 1922 Regum,

150 1928 203 1988 Est
224 1928 307 1988 locus
329 1926 395 2008 ipsa
418 1928 493 2001 ros'a,
516 1948 595 2006 rosa,
619 1932 717 2007 campi
739 1927 841 2004 gloria,
866 1930 960 1988 nescit

150 2011 230 2070 Haec
253 2027 321 2071 rosa
345 2013 504 2088 spinetum,
528 2029 624 2090 neque
647 2012 751 2089 pungit
773 2012 855 2088 spina
878 2020 1021 2071 rosetum.

151 2094 203 2155 Est
225 2093 309 2156 locus
332 2097 395 2174 ipsa
418 2112 496 2164 rosa,
520 2112 579 2155 nou
603 2094 677 2154 haec
700 2110 768 2154 rosa
792 2110 879 2152 mane
903 2094 1033 2172 Cydippe

150 2179 282 2258 Vespere
305 2177 380 2239 lueis
403 2180 469 2248 erit,
494 2178 582 2238 modo
604 2177 723 2246 floreus,
747 2179 884 2255 protinus
907 2193 1005 2245 arens,

152 2262 237 2323 Nunc
259 2262 361 2332 rubra,
385 2279 453 2322 mox
476 2261 598 2341 palleus,
622 2261 710 2326 modo
731 2259 839 2336 invida,
863 2259 951 2321 livida
975 2264 1070 2323 statim

152 2347 237 2407 Nunc
260 2349 360 2407 oriens
382 2345 470 2407 simul
494 2354 523 2407 et
545 2347 691 2406 moriens:
715 2363 851 2406 arescere
875 2363 1026 2423 nunquam

152 2430 232 2491 Haec
254 2430 330 2492 solet
352 2433 467 2492 aeterni
490 2431 633 2491 loeouuda
656 2433 822 2510 propagine
845 2432 935 2505 veris,

151 2515 218 2574 Non
242 2524 346 2586 aestas,
370 2535 429 2577 non
453 2515 542 2577 audet
564 2515 668 2586 hiems,
691 2532 752 2576 non
774 2513 882 2575 Aeolus
905 2516 990 2575 istam

153 2598 332 2660 berosulare
354 2619 464 2662 rosam.
502 2599 565 2661 Mos
589 2609 635 2661 est
656 2600 767 2678 pallere
789 2617 926 2660 rosarum

38 2681 43 2689 ’
150 2683 226 2743 Solis
249 2684 292 2744 ad·
309 2685 457 2753 intuitum,
482 2682 572 2744 trahit
594 2682 668 2744 haec
690 2702 707 2743 a
730 2680 791 2743 sole
813 2682 966 2751 ruborem,

151 2767 299 2846 Quicquid
321 2767 412 2829 habet
433 2776 540 2829 natura
563 2766 751 2835 boni,.locus
773 2768 829 2827 iste
852 2765 985 2827 locorum

150 2851 297 2924 Continet,
320 2871 408 2913 omne
430 2850 501 2913 mali
522 2850 702 2911 fermentum
725 2848 842 2929 longius
865 2859 948 2910 arcet

33 2989 36 2996 .
149 2937 266 3014 Regina
288 2937 359 2998 solis
382 2936 435 2997 ubi
458 2934 636 2997 sublimibus
658 2932 714 2994 alta
738 2933 895 2995 columnis.

97 3061 100 3067 -
194 3020 392 3103 Lappenberg
428 3023 492 3081 siue
529 3017 619 3079 dubio
655 3024 739 3079 recte
777 3019 945 3095 suspicatus
972 3026 1018 3077 est
1047 3037 1055 3077 r

109 3107 239 3183 scriptor
274 3104 399 3182 catalogi
432 3101 721 3166 Bordesholmiensis
750 3101 777 3162 d.
808 3120 834 3161 a.
869 3096 951 3162 1488
984 3100 1056 3160 tituli

105 3189 351 3250 antecedentium
378 3187 537 3249 librorum:
568 3190 708 3266 „Auroga
732 3184 794 3265 (sic)
822 3185 903 3246 Petri
932 3183 969 3245 de
990 3184 1057 3263 Riga

105 3274 223 3335 Aurora
245 3273 326 3335 Petri
349 3273 385 3333 de
406 3272 501 3351 Riga‘
525 3271 667 3350 deceptus
689 3289 744 3351 per
767 3287 903 3331 errorem
925 3285 981 3345 pro
998 3269 1059 3341 Qua

109 3356 193 3436 driga
215 3359 335 3434 scripsit
358 3359 476 3435 Auriga.

113 3499 116 3508 .
196 3442 253 3504 Sed
282 3444 436 3504 mittamus
464 3441 544 3503 hunc
575 3439 684 3501 librum
714 3455 800 3516 copus
827 3453 935 3497 nomen
960 3445 1049 3498 tantu
