2378 3810
52 238 55 243 ,
105 185 149 248 44
415 185 476 240 Lib.
496 185 533 238 ΙΙ.
570 200 597 235 v.
615 185 759 236 tot-tit.

109 340 141 398 ln
164 338 263 414 galeas
285 336 377 399 lalces
398 336 535 415 redeunt,
557 337 588 396 in
611 334 671 412 pila
694 334 808 412 ligones

152 422 289 483 Loricam
312 429 421 482 textam
444 438 565 481 vomere
587 420 665 480 ridet
686 436 776 498 ager„

414 600 591 657 NUMERUS
607 599 763 658 NAVIUM.

107 726 174 805 lpse
195 725 362 787 Misenaeus
384 742 559 802 magnorum
583 724 689 784 ductor
711 722 854 785 Achivum
936 797 939 800 ⁴

151 809 275 869 Centum
300 813 477 888 praecipuas
499 809 645 886 praecipit
668 811 713 868 ire
735 815 826 868 rates.

109 894 146 954 Se
171 900 268 953 moret
290 913 306 954 e
329 893 434 972 Sparta
457 893 617 962 Menelaus,
641 909 764 953 currere
788 910 876 953 naves
1028 905 1078 955 155

155 977 313 1055 Sexaginta
334 976 418 1056 jubet
440 979 547 1039 damna
571 975 715 1056 probrosa
737 994 869 1053 gemens.

107 1061 253 1122 Peneleus
274 1065 425 1142 princeps,
449 1081 538 1142 quem
562 1070 702 1138 promptu
724 1061 826 1121 Boetia
849 1061 947 1133 mittit,

150 1147 372 1226 Quinquaginta
395 1156 484 1217 rates,
507 1155 540 1207 ut
562 1145 756 1215 fabricentur,
779 1147 853 1224 agit;

108 1230 237 1301 Tertius,
262 1239 350 1310 atque
373 1232 475 1292 himas
497 1231 664 1293 Prothenor
687 1238 718 1291 et
739 1229 907 1292 Arcesilaus

151 1315 279 1393 Expansi
302 1317 376 1374 socii
399 1323 525 1393 suntque
549 1314 659 1374 laboris
683 1315 719 1374 ei.
1026 1326 1078 1374 160

108 1397 151 1456 Ex
175 1398 363 1458 Orchomeno
386 1406 529 1477 properat
550 1400 732 1477 trigintaque
754 1416 844 1460 naves
1058 1421 1059 1424 ¹

152 1483 307 1542 lalmenus
328 1482 457 1552 adducit,
482 1485 530 1542 cui
552 1501 653 1543 comes
674 1481 865 1559 Ascalaphus.

108 1567 273 1645 Aschepius
295 1566 381 1627 lortis
405 1575 434 1627 et
456 1568 655 1646 Epistrophus
678 1586 713 1626 ex
736 1566 878 1628 Poliaeno

150 1651 298 1711 Fecerunt
321 1651 420 1712 decies
442 1665 569 1732 quatuor
590 1653 635 1710 ire
657 1661 745 1711 rates.

109 1733 179 1812 djax
203 1736 317 1796 interea
340 1736 530 1797 Telamonius
553 1753 589 1795 ex
612 1735 760 1796 Salamina

154 1819 225 1880 Cum
249 1819 366 1880 Teucro
388 1823 483 1882 tratre
506 1824 624 1897 navigat
646 1827 675 1880 et
699 1819 797 1879 Dorio.

115 1903 259 1972 Theseus,
283 1905 515 1983 Amphimachus
538 1907 698 1982 sociusque
720 1902 886 1982 Polyxenus
908 1902 961 1974 illi,
1016 1966 1027 1990 Ἰ

156 1987 357 2064 Quadraginta
381 1997 461 2049 rates
483 1990 534 2050 hic
557 2005 715 2048 numerare
737 1997 843 2066 potest.

109 2070 174 2131 Non
199 2071 356 2132 credemus
378 2074 407 2132 in
431 2073 488 2132 hoc
511 2075 625 2132 vertisse
647 2073 795 2150 juramine
821 2071 932 2133 Ulixem

153 2155 248 2215 lmmo
271 2164 377 2233 quater
399 2175 488 2217 naves
510 2166 629 2217 vexerat
651 2155 700 2216 ille
724 2156 837 2216 decem.
1027 2167 1077 2216 170

108 2238 210 2315 Deque
232 2238 303 2317 Pylo
326 2240 434 2301 Nestor
456 2240 547 2301 trahit
569 2244 720 2318 octoginta
742 2244 868 2309 carinas,

150 2323 206 2384 Dat
227 2324 320 2384 semel
342 2325 512 2386 detholicus
535 2334 564 2386 et
586 2333 690 2404 quater
712 2332 778 2385 octo
800 2324 899 2385 Thoas

108 2406 143 2467 In
166 2426 247 2468 mare
270 2417 318 2470 ter
340 2410 432 2472 denas
453 2409 598 2471 laetanter
620 2409 722 2471 Oileus
743 2411 816 2470 Aiax

151 2491 330 2573 Praecipitat
350 2514 476 2577 puppes,
499 2513 566 2556 eum
589 2494 696 2572 quihus
718 2502 786 2556 octo
807 2493 896 2554 loces.

107 2643 311 2657 *αι-,ιυ-

176 2729 235 2782 tot.
253 2730 294 2780 52.
313 2729 392 2785 Ovid.
409 2731 486 2782 Fast.
503 2733 524 2794 1,
542 2728 646 2796 otissa.

463 2825 497 2836 —
514 2825 547 2835 -
565 2825 599 2835 -
618 2802 679 2848 erat
698 2797 789 2862 aptior
806 2797 880 2848 ensis

243 2863 374 2915 Vomerat
393 2866 512 2918 cedebat
529 2871 625 2917 taurus
644 2869 737 2915 arator
756 2879 836 2928 equo.

210 2931 326 2982 Sarcula
344 2934 508 2983 cessabant:
525 2935 653 2999 versique
671 2933 700 2982 in
719 2932 777 2998 pila
795 2932 903 2996 ligones

242 3000 387 3065 Factaque
406 3000 441 3050 de
460 3002 543 3050 rastri
560 3001 683 3068 pondere
700 3001 790 3050 cassis
807 3004 877 3053 erat.

108 3066 166 3116 153.
186 3065 285 3130 Virgil.
305 3066 373 3118 Aen.
392 3067 440 3130 XI,
459 3070 518 3118 166.
587 3070 643 3121 167.
667 3069 733 3119 Pen.
757 3082 813 3119 non
836 3065 910 3131 apud
926 3066 1075 3128 Daretem;

107 3128 157 3179 sed
176 3133 258 3196 apud.
271 3134 369 3200 Virgil.
383 3138 452 3188 Aen.
466 3136 504 3193 II,
521 3137 580 3191 425.
618 3137 676 3187 160.
689 3135 755 3189 cot.
769 3150 900 3200 expense.
937 3136 994 3191 161.
1007 3135 1077 3186 eod.

107 3196 285 3253 corcomeno.
347 3204 405 3257 162.
416 3203 607 3265 Aehalaphus‚
626 3218 677 3254 nos
690 3219 705 3253 e
717 3204 824 3254 Dareta
837 3204 909 3266 Asc,
926 3204 975 3268 qui
991 3203 1077 3253 stiam

106 3280 156 3329 pro
176 3265 325 3318 Thelamus
338 3271 427 3320 nostri
443 3270 528 3321 habet
543 3270 691 3322 Jalmenus
709 3276 879 3336 quapropter
895 3270 1076 3321 mutavimus:

105 3332 227 3386 Addneit
249 3334 398 3387 Thalamus
426 3338 455 3387 in
477 3337 621 3389 Jalmanus
643 3339 762 3392 adducit.
831 3339 889 3390 163.
915 3339 1006 3389 Dares
1020 3353 1077 3390 no·

106 3401 205 3532 1tqtgqroqta
235 3404 432 3469 Epistrophum
455 3410 485 3456 et
502 3404 647 3457 Schedium
672 3421 707 3456 ex
728 3405 860 3457 Phocide.
931 3400 989 3458 166.
1009 3405 1076 3457 (lod.
