2378 3810
417 153 478 209 nsn.
496 153 530 209 v.
565 170 591 205 v.
610 158 767 222 ars-asa,
957 140 965 156 “
1013 151 1076 218 159
1176 122 1179 128 ’

107 311 150 372 Te
174 311 270 381 decet,
293 330 312 372 o
333 310 468 370 Priame!
492 326 548 387 pro
569 309 692 370 loedere
713 311 822 371 mentis
844 326 980 379 acumen,

150 396 250 457 Possis
272 393 395 456 hostiles
417 403 450 454 ut
471 408 627 454 remouere
649 393 751 474 pedes.
1023 401 1075 452 820

110 481 142 542 Si
165 483 284 552 scimus,
309 478 384 539 velle
407 478 561 554 debemus,
584 478 661 541 forte
684 478 815 539 valemus

152 562 312 627 Consilium
336 581 429 642 super
449 563 506 624 bac
527 581 561 622 re
583 565 717 644 reperire
739 569 848 623 ratum.

110 650 140 710 si
164 650 291 727 scirent„
305 647 420 727 vellem,
444 647 521 727 quod
546 647 641 710 debeo
664 647 818 709 commoda
842 647 921 707 serre

152 733 273 795 Civibus
292 734 327 794 ‘nt
348 734 453 793 mortis
475 732 611 795 hostibus
634 750 721 794 omne
744 749 848 810 genus,

109 819 174 880 Non
198 835 318 896 possum
341 834 438 894 neque
454 825 486 878 tu
501 826 595 898 potes,
620 818 720 879 oren!
742 817 794 878 sed
811 834 908 897 neque
922 814 1012 896 'froja
1024 823 1074 873 825

151 901 212 964 Nec
235 903 359 965 collecta
382 903 472 964 simul
493 905 589 983 patria
611 911 672 964 tota
695 910 802 982 potest.

111 986 194 1056 Quod
217 1004 276 1049 non
298 988 457 1067 possimus,
481 1005 626 1067 praesens
647 985 755 1066 probat
776 988 904 1066 impetus
926 985 1032 1056 bostis,

153 1074 218 1144 Qui
231 1090 361 1150 campos,
386 1089 488 1131 muros
510 1079 637 1151 occupat
658 1079 747 1149 atque
769 1071 862 1130 iores:

110 1159 243 1233 Occupat
266 1165 296 1216 et
317 1153 448 1232 Trojam,
472 1153 609 1215 violentis
632 1152 753 1216 ausibus
776 1161 880 1224 arctat,

153 1241 233 1311 Quos
255 1248 290 1300 ut
311 1235 485 1316 compulset,
509 1238 633 1300 brachia
656 1255 744 1300 nemo
766 1238 851 1300 levat.
952 1258 954 1262 ·
1025 1243 1077 1294 830

109 1326 173 1387 Hoc
196 1327 269 1395 scio,
292 1323 371 1403 quod
394 1326 494 1402 rapuit
515 1322 657 1385 Helenam
680 1323 772 1395 Paris,
797 1340 861 1384 esse
884 1322 1026 1390 lutosum;

154 1409 272 1470 Crimen
295 1409 444 1486 legitimos
467 1415 513 1469 est
534 1407 654 1470 violare·
668 1408 780 1473 thoros.

110 1493 245 1574 Amplior
266 1495 390 1555 accessit
412 1495 552 1562 amicitia,
576 1494 654 1574 quod
677 1495 843 1554 venientem

154 1579 190 1639 Et
212 1578 327 1639 Paridis
349 1596 489 1657 sponsam
512 1578 602 1658 Trcja
624 1580 741 1658 recepit
764 1596 855 1663 eam;⁸

109 1665 244 1736 Maxima,
268 1662 346 1742 quod
370 1661 477 1740 gladiis
498 1662 578 1723 illam
602 1663 802 1734 deiecimus,
825 1677 919 1722 annos
1027 1668 1078 1717 835

153 1747 300 1808 Mortibus
322 1754 352 1806 et
374 1745 461 1807 bellis
484 1747 685 1808 continuando
709 1746 821 1807 decem.

111 1832 216 1894 Omnia
239 1829 368 1908 Trojuna
391 1831 580 1908 perfodimus
603 1849 670 1891 arva
693 1847 810 1899 cruore,

154 1916 245 1976 Sudat
267 1924 347 1976 terra
370 1913 521 1994 Phrygum
545 1915 699 1977 luxuriosa
721 1932 810 1982 nece;

111 2001 222 2062 Omnes
243 1988 437 2080 perdidimus,
462 1999 564 2062 babuit
586 2018 661 2080 quos
683 2001 776 2079 patria
798 1999 907 2065 fortes:

154 2084 210 2155 Qui
234 2101 289 2145 nos
311 2085 480 2162 praecedet,
504 2103 592 2147 nemo
615 2092 766 2165 superstes
789 2084 855 2144 erit.
1027 2089 1078 2138 840

112 2169 258 2246 Argolicis
281 2177 328 2230 est
349 2168 445 2232 robor
466 2169 562 2231 adhuc
585 2179 614 2231 et
636 2168 742 2231 bellica
764 2170 866 2237 virtus,

154 2253 288 2314 illustres
311 2256 396 2332 gnari
419 2256 532 2339 proelia
555 2256 635 2316 serre
656 2256 721 2314 riri.

112 2338 165 2399 Est
186 2343 388 2415 Agamemnon
410 2340 463 2409 ibi,
486 2339 638 2399 Menelaus
660 2338 770 2398 robore
793 2336 888 2406 lortis,

154 2421 238 2501 Ajax,
261 2422 403 2484 Aeacides
425 2421 557 2501 Pyrrhus
581 2423 695 2500 etipse
717 2419 830 2488 Thoas;

111 2506 219 2567 Nestor
242 2508 293 2584 qui
316 2513 380 2565 vate
403 2504 581 2585 prudentior
604 2507 658 2574 est,
683 2513 713 2565 et
737 2502 843 2573 Ulixes,
1028 2509 1079 2560 845

155 2590 245 2650 Cuius
268 2586 413 2650 calliditas
435 2591 490 2650 scit
512 2589 667 2651 terebrare
689 2595 803 2668 petras;

111 2674 149 2735 Et
171 2673 280 2751 proles,
305 2672 411 2752 quibus
435 2683 482 2736 est
503 2675 615 2736 famosa
638 2675 744 2754 peritia
768 2672 839 2735 belli

61 2837 63 2841 Ι
154 2759 291 2820 Nondum
316 2758 457 2830 distimti,
481 2761 675 2841 reperiuntur
698 2759 757 2830 ibi;

88 2857 91 2863 ’
111 2843 149 2904 Et
170 2845 240 2915 scio,
264 2845 290 2905 si
313 2851 415 2907 contra
437 2843 512 2907 tales
535 2847 657 2922 accingo
679 2861 862 2911 mucronem,

154 2927 230 2989 Saxa
253 2945 353 2990 meum
376 2931 476 2990 refero
498 2947 605 2991 rursus
627 2929 662 2990 ad
686 2931 744 2989 icta
767 2927 884 3008 pedem.
1026 2932 1078 2983 850

113 3011 234 3074 Scilicet
256 3021 289 3074 ut
310 3016 404 3076 victus
425 3017 536 3094 repetit
558 3013 702 3092 gladiator
726 3029 846 3074 arenam

155 3098 191 3160 Et
214 3099 293 3160 redit
314 3099 344 3159 in
367 3099 497 3160 tumidas
518 3099 661 3177 naufraga
684 3097 793 3179 puppis
816 3110 915 3173 aquas.

180 3321 239 3372 832.
274 3318 410 3386 Pamphil.
440 3317 530 3382 XXX,
552 3321 577 3370 4.
681 3317 808 3370 850—-52
843 3313 922 3367 Ouid.
944 3312 1024 3362 Trist.
1044 3311 1080 3372 11,

112 3387 397 3522 ῗξῶιὶδέιηῖἓέξωευ
415 3402 465 3453 pro
482 3386 571 3438 nostri
589 3385 712 3448 ‚,meum“
733 3388 762 3435 et
780 3382 850 3448 ‚,ut“
868 3382 997 3447 leguntur
1009 3394 1081 3445 „ma-
