2378 3810
114 152 175 217 162
433 158 495 209 uro.
514 158 545 210 v.
581 173 606 213 v.
625 160 767 210 ora-ooo,

112 308 173 368 Rex
197 308 324 389 populos
346 311 442 369 accito
465 326 557 369 noros
579 316 610 369 et
631 318 753 370 contere
776 320 888 388 gentes,

158 392 195 453 Ut
218 400 287 454 tuus
310 400 339 453 et
360 394 474 472 patriae
496 401 693 473 perpetuatur
715 394 826 456 honos:

115 477 233 537 Fortior
255 479 287 538 in
309 475 387 537 fulva
411 495 504 537 novus
527 488 571 538 est
593 477 737 556 gladiator
761 497 861 549 arena,
964 509 970 517 ·

155 560 249 632 Quam
272 563 320 622 cni
342 568 411 623 sunt
434 568 514 622 tanta
538 560 659 622 brachia
681 563 759 623 fessa
782 581 875 624 mora.

114 645 234 724 integer
257 654 302 706 est
324 645 429 706 melior
452 645 555 706 nitidis
577 645 721 724 gladiator
743 649 775 706 in
798 647 897 716 armis,

156 727 252 799 Quam
275 731 322 792 cni
345 730 403 792 tela
425 748 479 791 suo
502 733 646 806 sanguine
670 733 762 792 tincta
785 730 905 792 rubent.

113 813 261 875 Deficiunt
275 814 373 875 ualidi
394 814 538 889 longaevo
559 823 696 893 tompore
719 818 798 876 tauri

154 898 191 958 Et
212 898 360 978 quondam
384 901 480 976 turpis
502 898 534 958 fit
556 898 644 959 modo
666 897 791 978 pulcher
814 916 917 976 equus

113 982 173 1043 Nos
195 999 314 1062 quoque
337 982 490 1042 delinimus
511 981 593 1060 longi
615 982 775 1044 luctamine
797 982 878 1054 helii,

157 1065 229 1136 Quis
254 1068 317 1127 sine
339 1069 397 1127 line
421 1074 518 1146 potest
540 1074 584 1127 tot
605 1065 681 1126 mala
705 1074 822 1148 tamque
845 1069 923 1146 palii

114 1150 199 1212 Unde
221 1152 281 1230 pati
303 1168 408 1231 pacem
430 1152 567 1230 petimus,
592 1149 761 1231 bellumque
783 1151 898 1231 repelli,

158 1235 312 1296 Sudarnnt
334 1234 420 1296 hellis
443 1234 566 1297 brachia
589 1243 690 1296 nostra
713 1238 795 1297 satis.

113 1322 219 1382 Tutius
244 1327 297 1390 est,
322 1326 482 1399 aptumque
505 1322 609 1397 magis,
633 1318 787 1381 discedere
809 1339 893 1400 pace,

158 1401 252 1472 Quam
275 1421 395 1482 semper
416 1401 494 1464 holla
517 1402 645 1482 litigiosa
667 1407 762 1482 sequi.

113 1487 224 1549 Omnes
246 1489 338 1548 vincit
360 1505 431 1565 opes
453 1505 588 1549 securam
612 1487 723 1549 ducere
745 1489 844 1559 vitam,

154 1571 291 1633 heterius
315 1570 389 1633 nihil
413 1579 468 1643 est,
491 1590 580 1652 qnam
603 1574 696 1634 miser
720 1591 789 1634 usus
811 1591 911 1652 opum.

111 1655 232 1717 Scilicet
254 1657 407 1735 ingeniant
429 1663 526 1717 totum
550 1674 726 1718 consumere
749 1675 884 1735 regnum,
932 1666 937 1675 ’

154 1741 190 1802 Et
213 1758 267 1801 nos
290 1749 319 1802 et
342 1740 437 1803 claras
458 1740 668 1802 Laomedontis
691 1759 771 1822 opes.

113 1826 229 1887 Orexi
252 1845 269 1887 o
292 1826 424 1886 Priame!
448 1825 613 1904 pandetur
635 1842 751 1905 paxque
773 1827 909 1903 rogetur!

153 1909 284 1972 Alterius
307 1928 366 1970 non
390 1911 436 1981 sit,
460 1911 511 1989 qui
533 1928 604 1971 suus
628 1928 692 1970 esse
714 1918 823 1989 potest.

317 2088 588 2160 [INSTIMULATIO
607 2090 865 2160 antemuralem]

110 2211 342 2290 Amphimachus
366 2211 566 2273 stomachatur
588 2211 624 2273 ad
647 2211 729 2283 haec,
754 2223 818 2275 erat
839 2214 887 2274 hio
903 2212 1084 2277 adolescens

155 2296 192 2358 Et
213 2299 300 2358 fortis
323 2297 432 2358 Priami
455 2294 541 2366 filius,
565 2298 621 2359 ista
644 2296 778 2377 loquens.

183 2499 329 2550 alo-918.
348 2497 599 2562 ovid.Trist.1v‚
618 2500 642 2561 6,
662 2500 764 2551 31-34

250 2566 362 2615 Fortior
379 2566 407 2615 in
427 2565 503 2617 fulva
520 2581 608 2617 novus
628 2571 671 2617 est
688 2565 809 2617 luctator
827 2581 921 2629 arena,

281 2633 370 2694 Quam
387 2634 434 2683 oni
452 2637 516 2683 sunt
534 2632 617 2683 tarda
635 2633 746 2684 brachia
764 2635 841 2684 lassa
859 2649 942 2684 mora.

246 2701 360 2765 Integer
378 2705 421 2750 est
438 2701 535 2750 nitidis
553 2700 649 2751 melior
666 2700 805 2764 gladiator
824 2704 852 2752 in
870 2701 961 2763 armis,

280 2767 368 2828 Quam
385 2768 429 2819 cui
446 2767 504 2817 tela
522 2782 572 2818 suo
590 2767 724 2833 sangnine
744 2769 834 2819 tincta
851 2769 962 2820 rabant.

110 2838 168 2890 919.
188 2836 229 2886 20.
249 2833 431 2899 (Maximino.)
450 2833 529 2900 integ.
548 2834 569 2898 1,
588 2836 645 2890 269.
665 2837 706 2890 70.
922 2838 932 2850 '

229 2901 370 2952 Deficiunt
388 2902 475 2954 validi
492 2902 629 2966 longaevo
647 2907 769 2967 tempora
788 2903 876 2953 tauri:
951 2927 954 2931 ¹

262 2969 307 3034 Et,
327 2970 464 3034 quondam
482 2968 606 3034 pulcher,
625 2968 656 3018 fit
673 2970 752 3020 modo
769 2971 859 3036 turpis
878 2984 974 3035 equus.

110 3039 170 3089 925.
190 3036 270 3089 ovio.
289 3037 402 3087 Remed.
421 3037 480 3087 669.
551 3038 609 3089 926.
628 3037 748 3087 imitatio
767 3037 817 3092 Ov.
834 3038 912 3091 Rem.
930 3038 991 3088 670.

280 3104 371 3166 Quam
389 3108 487 3168 petere
505 3119 523 3153 a
541 3102 672 3155 thalamis
691 3103 815 3169 litigiosa
833 3104 902 3156 lora.

110 3175 169 3224 92⁷.
189 3172 232 3223 28,
254 3171 341 3222 Anon.
364 3170 461 3222 Navel.
486 3186 512 3236 p.
532 3172 581 3222 595
605 3170 766 3223 lin.1o.16
792 3171 842 3223 hos
864 3186 962 3223 versus
984 3171 1084 3240 habat,

109 3246 204 3291 tamen
222 3243 304 3289 sonat
323 3239 459 3289 secundus

239 3305 395 3370 Pauperins
412 3304 482 3356 nihil
501 3310 545 3356 eat
563 3321 645 3372 quam
663 3307 751 3374 malus
769 3320 836 3358 usus
854 3321 944 3372 opum.

110 3378 168 3429 932.
190 3375 276 3426 Anon.
295 3372 393 3425 Novel.
410 3389 438 3438 p.
457 3375 513 3425 502.
533 3373 581 3430 lin.
600 3374 685 3425 ultim.
738 3377 796 3426 933.
817 3374 867 3424 cfr.
887 3373 983 3430 Gnalt.
1002 3375 1085 3428 Alex.

98 3445 119 3492 Ι
124 3445 151 3504 V,
173 3444 233 3492 131.
289 3439 418 3494 Consulis
438 3442 579 3494 arbitrium
597 3442 663 3492 tulit
682 3457 762 3507 aegre
781 3442 900 3506 Magnas
918 3444 973 3497 ate.
