2378 3810
106 144 150 209 40
436 143 498 192 aab.
517 142 554 193 11.
590 158 615 193 v.
634 143 744 193 nr-os,

111 297 267 361 Blanditiis
289 305 353 358 erat
374 296 501 372 insignis
523 313 619 362 soror,
643 312 696 354 ore
718 293 827 373 pusillo

149 381 289 451 Pulchra,
312 398 429 450 serena,
453 380 572 448 decens,
596 377 787 456 simplicitate
810 380 922 456 vigens.

111 466 201 528 Laeta
224 464 382 543 supercilia
406 463 506 525 notula
530 463 679 524 mediante
702 470 811 530 notata,

151 552 234 612 Mens
255 551 362 612 lasciva
386 549 453 619 luit,
477 548 610 609 membra
633 548 742 607 decora
765 546 842 608 tulit.

372 711 489 768 Decus
512 709 804 766 DESCRIBUNTUR.

111 820 174 881 Rex
196 818 258 880 ibat
278 819 414 879 Priamus
436 818 568 898 aquilino
591 834 718 895 corpere
740 834 875 894 maguus,

150 902 239 964 Vultu
261 902 388 982 pulcher
410 910 484 971 erat,
509 903 638 963 suaviter
661 919 873 970 mamercus:

107 987 218 1049 Hector
241 996 306 1047 erat
329 988 456 1065 crispus,
480 985 625 1046 membris
645 984 829 1062 pernicibus,
852 984 948 1057 albus,

155 1071 256 1132 Stabat
278 1075 495 1147 magnanimus,
518 1069 621 1131 Martis
643 1077 672 1130 et
695 1078 759 1130 arte
782 1070 910 1148 probum

110 1155 244 1228 Blaesus,
268 1155 420 1224 barbatus,
445 1154 523 1215 vultu
546 1151 733 1220 venerabilis,
757 1162 852 1232 aptus,

150 1241 182 1300 ln
208 1242 318 1319 populo
342 1240 483 1308 clemens,
506 1238 758 1318 diguushonore,
781 1239 900 1299 decens.

111 1323 206 1392 llocti,
231 1324 393 1384 clementes
414 1330 485 1384 sunt
506 1322 637 1383 Helenus
658 1321 891 1403 Deiphobusque

152 1407 247 1486 Saepe
269 1407 345 1468 solet
367 1409 473 1468 similis
495 1408 573 1466 lilius
597 1425 661 1467 esse
684 1408 772 1487 patri.

109 1492 158 1552 Sic
181 1501 208 1551 et
233 1502 320 1552 eraut
341 1493 400 1558 isti,
423 1492 542 1552 lucrant
564 1509 681 1570 quoque
703 1509 830 1570 corpore
852 1491 961 1568 magni,

152 1576 295 1646 Formosi,
319 1577 397 1636 soliti
420 1577 520 1636 suavia
544 1576 633 1636 verba
653 1575 744 1653 loqui.

107 1658 230 1738 Magnus
252 1670 317 1721 erat
337 1661 466 1730 Troilus,
489 1661 586 1738 fortis,
609 1659 838 1738 pulcherrimus
861 1676 941 1736 acer,

150 1744 275 1805 Virtutis
297 1746 423 1824 cupidus
445 1752 475 1806 et
496 1746 561 1805 sine
583 1743 666 1805 laece
688 1743 794 1804 honus.

107 1828 228 1906 Longus
250 1827 417 1890 Alexander
439 1838 469 1890 et
492 1828 642 1898 candidus,
666 1846 719 1888 ore
741 1833 878 1898 venusto,

150 1916 255 1989 Aetas,
278 1915 432 1984 facundus,
455 1913 616 1976 ambitione
640 1910 749 1980 calens,

108 1996 244 2057 Pulchris
267 1997 401 2058 stellatus
423 1997 527 2066 oculis,
551 1995 691 2076 mollique
714 1993 823 2072 capillo

150 2080 336 2150 Flavescens,
360 2082 441 2141 suavi
463 2099 535 2141 voce
558 2080 704 2160 loquenda
726 2079 864 2159 loquens.

108 2164 315 2225 Andromache
338 2167 458 2244 sapiens
479 2166 679 2246 formosaque,
703 2164 801 2243 longa,
825 2163 960 2225 modesta

151 2248 188 2309 Et
210 2248 335 2309 rutilans
358 2249 463 2320 oculis,
487 2250 622 2324 candida,
646 2247 754 2310 blanda
776 2249 857 2310 satis.

109 2333 254 2393 Facturae
277 2333 436 2396 mediocris
458 2343 524 2396 erat
545 2334 721 2410 Cassandra,
743 2331 873 2394 rotundo

150 2415 221 2498 Ore,
243 2421 357 2480 micans
379 2418 482 2490 oculis,
504 2420 581 2487 ruia,
606 2417 745 2496 benigna,
768 2418 845 2484 scia;

110 2502 247 2563 Praescia
271 2520 357 2579 quam
379 2503 479 2564 fuerat
500 2504 617 2563 venturi
640 2521 698 2562 non
722 2499 848 2577 iterabo,

151 2584 235 2654 Quod
259 2585 351 2645 semel
373 2588 507 2657 audistis
531 2597 576 2648 est
598 2588 739 2647 recitasse
762 2588 844 2646 satis·

108 2667 247 2738 Candida,
270 2670 400 2730 formosa
424 2673 578 2750 formaque
600 2669 740 2731 Polixeua
763 2669 861 2746 longa,

150 2753 211 2813 llos
232 2765 332 2814 rectos
353 2752 456 2817 oculos
478 2766 618 2834 rectaque
642 2772 728 2815 crura
752 2752 857 2833 probo.

108 2837 251 2914 Simplex,
275 2838 366 2914 larga.
390 2839 508 2905 decens,
532 2840 623 2900 llavos
646 2857 764 2919 quoque
787 2836 874 2898 laudo
897 2835 1077 2915 capillosus

150 2922 188 2982 Et
212 2932 322 2984 teretes
345 2922 455 3000 digitos
477 2925 677 3003 exiguumque
700 2923 817 3002 pedem.

109 3005 229 3066 Hecuba
254 3026 329 3088 quae
352 3009 450 3068 luerat
472 3007 605 3085 aquilino
627 3024 753 3084 corpore
775 3006 900 3086 pulchra

151 3091 250 3150 Mente
272 3094 379 3162 virum,
402 3111 548 3172 pugnans,
572 3091 687 3159 callida,
712 3099 803 3164 casta,
827 3093 884 3168 pia.

175 3294 216 3344 at.
237 3308 345 3359 margo:
364 3293 483 3345 Helena.
552 3295 595 3344 28.
613 3308 722 3359 margo:
746 3297 879 3357 quantum
901 3290 939 3343 ad
957 3293 1076 3343 exterio·

107 3377 164 3412 rem
182 3361 314 3417 habiturn.
352 3363 395 3412 4⁷.
416 3361 482 3412 (lod.
501 3359 635 3412 modesto.
697 3362 739 3413 64.
759 3359 828 3411 Ood.
847 3359 909 3410 hec.
963 3360 1005 3414 56.
1024 3359 1077 3412 Or.

105 3431 159 3480 Ars
176 3428 200 3492 1,
218 3431 277 3484 622.
346 3430 387 3482 58.
406 3428 517 3480 secund.
535 3428 669 3481 Dareium
686 3442 750 3494 prot
770 3431 851 3479 caste
869 3427 952 3480 scias.
