2378 3810
421 213 483 263 Lib.
503 212 548 263 Vl.
584 227 608 266 v.
630 213 756 264 ‘ld-104.

113 366 220 430 Missus
241 365 407 428 Alexander
430 373 475 427 est
497 374 526 426 te
548 364 699 434 suadente,
723 364 835 424 reversi

157 451 303 532 Tyndaris
327 460 372 513 est
391 450 494 530 iuncta
516 467 571 530 per
593 459 643 510 tua
665 447 755 509 verba
779 447 873 509 thoro.

113 537 157 598 dn
180 555 239 597 non
261 538 375 598 Aeneas
397 533 511 596 Paridis
533 535 590 595 init
611 536 641 594 in
665 535 815 602 comitatu,
1046 538 1080 589 ⁷5

157 620 253 692 Quum
276 620 333 681 suit
355 621 385 680 in
408 627 540 681 nostram
563 626 646 680 vecta
668 617 801 678 Lacaena
824 614 962 675 domum?

112 703 228 767 Proelia
251 711 330 766 mota
352 703 435 764 vides
459 711 487 764 et
509 706 615 764 lunera
636 701 717 763 mille
740 709 883 782 peremta,

155 788 321 851 Transtulit
343 788 401 849 buc
423 789 499 850 vires
522 789 647 850 Graecia
670 796 731 848 tota
754 803 837 852 suas:

114 875 268 936 Innumeri
291 874 428 938 cecidere
451 874 542 934 duces
565 874 720 952 utriusque
743 870 884 939 cohortis,

157 957 230 1019 Cum
253 957 341 1036 vulgo
364 956 438 1018 nulli
460 975 565 1018 mucro
588 957 723 1036 pepercit
745 955 828 1015 hero.
1047 966 1081 1015 80

114 1042 145 1102 Si
168 1042 245 1103 mala
269 1050 339 1109 sunt
360 1044 416 1101 ista
440 1040 515 1102 mala
539 1042 609 1110 sint,
633 1040 709 1101 bona
732 1043 758 1101 si
780 1039 868 1110 bona,
894 1058 994 1102 verum

157 1127 271 1186 Aeneas
294 1133 323 1185 et
345 1133 377 1185 tu
400 1123 624 1185 confabricastis
646 1142 688 1184 ea.

113 1210 200 1270 Certe
223 1211 248 1268 si
271 1208 347 1268 mala
370 1216 449 1277 sunt,
473 1211 610 1269 incentor
633 1226 664 1269 es
685 1210 751 1287 ipse
773 1205 929 1278 malorum,

131 1288 132 1292 ’
156 1293 257 1372 Deque
281 1291 364 1353 malis
387 1295 476 1353 tantis
496 1290 564 1371 jure
588 1293 737 1353 vocandus
760 1311 836 1354 eras.

113 1376 257 1437 Mortibus
280 1377 445 1437 innumeris
467 1395 522 1455 per
544 1388 573 1437 te
596 1376 654 1438 dua
675 1393 770 1454 regna
792 1383 927 1446 ruerunt,
1045 1385 1079 1435 85

154 1461 187 1521 ln
210 1460 337 1522 nihilum
360 1478 415 1538 per
439 1469 467 1522 te
489 1458 578 1540 Troja
601 1461 722 1524 redacta
742 1464 832 1542 jacet.

112 1545 206 1623 Digne
227 1547 421 1625 promeritis
442 1545 569 1608 deberes
592 1547 673 1607 vivus
694 1546 822 1616 humari,

155 1629 211 1691 Tot
233 1631 301 1709 quia
324 1629 455 1691 consiliis
477 1632 620 1691 interiere
642 1633 716 1700 tuis;

111 1713 173 1774 Nec
194 1714 288 1774 refert
311 1732 348 1775 an
371 1715 411 1773 sis
433 1714 559 1774 mediata
582 1713 629 1774 vel
652 1713 823 1774 immediata

71 1858 74 1863 ,
155 1798 248 1859 Causa
270 1797 348 1865 mali,
373 1798 435 1857 sola
456 1795 503 1858 lex
527 1796 563 1859 ad
587 1805 747 1874 utrumque
769 1798 850 1858 iacit.
1045 1807 1081 1856 90

112 1881 178 1941 Non
201 1900 232 1942 es
255 1900 352 1951 causa,
375 1881 427 1941 sed
451 1899 483 1942 es
506 1881 591 1942 nobis
613 1883 730 1943 occasio
753 1882 898 1961 quaedam

67 1991 69 1999 ·
154 1964 323 2037 Bellorum;
347 1983 406 2026 non
430 1983 462 2026 es
484 1984 576 2034 arma,
599 1967 650 2028 sed
674 1984 755 2027 arma
779 1978 909 2030 movens,

113 2047 250 2111 Consiliis
273 2051 346 2120 istis,
371 2051 395 2111 si
419 2067 503 2110 mens
524 2068 583 2111 non
606 2048 688 2112 laeva
712 2050 825 2119 luisset,

155 2132 326 2195 Debuerant
347 2152 435 2195 aures
458 2133 635 2196 abstinuisse
657 2153 750 2195 meae.

112 2218 144 2278 Si
166 2216 242 2278 bona
265 2227 335 2279 sunt
356 2221 422 2286 ista,
446 2236 538 2298 qnare
560 2220 679 2281 flexisse
702 2219 813 2281 videris
1044 2232 1079 2282 95

156 2302 343 2382 Propositum
367 2304 454 2362 citius
477 2322 492 2363 a
516 2303 647 2366 bonitate
670 2321 788 2382 repens.

113 2387 248 2448 Vinceris
270 2385 319 2446 hic
339 2384 406 2464 jure
429 2390 598 2448 contrarius
618 2388 664 2448 ire
686 2389 789 2466 priori,

155 2470 325 2531 Dissolvnnt
346 2477 477 2531 veterem
497 2470 558 2550 jam
582 2489 656 2532 nova
678 2470 767 2531 verba
790 2470 889 2533 fidem.

114 2552 178 2624 Duo
202 2562 317 2616 teneam
340 2555 418 2616 nodo
442 2562 604 2616 mutantem
626 2556 731 2616 Protea
754 2555 871 2617 vultus?

155 2639 198 2698 De
220 2636 332 2717 duplici
353 2638 446 2699 verbo
469 2641 563 2720 turpis
586 2639 712 2702 babetur
734 2639 831 2701 bomo.
1029 2652 1080 2702 100

111 2721 298 2802 Propositum
321 2723 450 2802 sepelire
473 2722 583 2784 bonum
608 2742 665 2784 non
689 2722 821 2785 arbitror
844 2744 971 2807 aequum

153 2810 211 2867 Aut
232 2805 330 2868 clarae
352 2807 420 2868 fidei
444 2807 546 2869 iraude
569 2812 689 2887 nigrare
712 2816 832 2870 statum.

111 2890 175 2951 Non
200 2893 260 2952 avis
281 2891 396 2952 utiliter
418 2892 535 2952 viscatis
558 2893 663 2972 elingit
684 2892 749 2963 alis,

153 2974 219 3035 Non
243 2973 319 3035 bene
342 2976 379 3037 de
401 2975 475 3037 laxis
497 2976 610 3037 retibus
634 2980 695 3039 exit
716 2996 797 3057 aper.

110 3227 150 3276 te.
168 3224 254 3280 schol.
273 3241 312 3278 sc.
331 3226 492 3278 Alexandri.
562 3230 602 3278 74.
620 3229 707 3285 schol.
725 3230 844 3282 Helena.
905 3231 946 3282 tc.
966 3231 1032 3281 Lac.
1051 3247 1075 3284 e.

108 3293 234 3359 margine
252 3309 301 3359 pro
319 3293 408 3345 leena.
445 3293 536 3348 Schol.
554 3294 674 3348 Helena.
731 3299 789 3352 100.
807 3297 905 3352 Anien.
923 3298 1024 3363 XXIX,
1043 3300 1077 3349 24

287 3361 343 3412 Hie
361 3363 415 3413 erit
431 3362 547 3425 invisus,
567 3364 633 3414 bina
651 3364 724 3430 quod
743 3380 790 3416 ora
809 3370 896 3430 gerat.

110 3429 166 3480 103.
185 3427 239 3479 alit
256 3444 306 3494 pro
324 3429 387 3499 alis.
448 3431 507 3481 108.
526 3431 551 3482 4.
575 3429 669 3483 Ovidii
687 3437 752 3484 sunt
770 3433 821 3484 Ars
838 3433 898 3488 Am.
914 3433 945 3496 1,
964 3435 1021 3485 391.
1041 3434 1086 3493 92Ι

108 3497 156 3560 qui
174 3499 269 3546 tamen
287 3511 335 3562 pro
353 3497 471 3558 retibus,
491 3498 616 3550 cassibus
633 3497 730 3552 babet.
