2378 3810
149 133 192 197 46
463 135 524 188 Lao.
542 134 579 183 11,
616 150 642 186 v.
661 136 804 185 noa-vae.

151 288 203 348 Est
225 288 314 347 etiam
337 287 426 346 sociis
449 303 533 345 mens
555 282 759 346 irrevocabilis
783 305 840 347 una

193 371 302 432 Contra
324 369 472 448 Trojanos
494 388 576 429 arma
596 389 714 429 movere
739 389 838 431 manu.

152 456 195 518 De
219 473 344 515 numero
366 456 474 514 ratium
497 455 521 514 si
545 455 660 532 queris;
683 453 765 514 mille
788 457 905 516 carinas
1070 467 1126 516 205

194 539 319 600 Centum
343 538 389 600 bis
412 539 503 599 denas
526 539 715 599 dinumerare
737 547 833 618 potes
874 572 877 577 ,

448 700 567 756 uivus
586 682 815 759 Pnoeuouur.

152 806 314 868 Solvuntur
336 825 425 867 naves
448 825 464 866 o
487 807 594 875 littore,
619 825 723 868 versus
744 808 875 869 Athenas

192 893 226 953 ln
248 893 354 972 pelago
377 891 501 968 pulchre
523 891 586 952 vela
608 891 708 951 volare
730 893 821 954 vides.

151 977 248 1037 Littus
269 975 464 1037 Atheniacum
488 985 643 1056 postquam
666 977 801 1052 tetigere,
826 979 922 1038 citatis

193 1061 227 1120 ln
250 1068 367 1121 coetum
391 1060 523 1129 ducibus,
546 1078 598 1120 rex
623 1065 827 1134 Agamemnon
849 1064 906 1121 ait:
1067 1074 1123 1123 210

150 1143 278 1225 Eloquar
301 1164 337 1204 au
361 1143 481 1204 sileam?
504 1143 610 1223 loquor
633 1151 662 1202 et
683 1147 812 1205 reticere
835 1152 967 1207 coartor:

194 1229 328 1290 Dedecus
352 1238 397 1289 est
420 1232 539 1306 propria
562 1228 691 1306 prodere
713 1248 806 1308 saepe
826 1229 947 1308 probra.

150 1313 304 1391 Dejectum
326 1315 486 1372 neminisse
509 1314 607 1391 pudet,
631 1315 697 1392 quis
719 1315 857 1374 crederet
879 1332 1008 1393 unquam

192 1398 242 1456 Sic
263 1399 379 1457 varlare
402 1415 470 1456 suas
493 1406 626 1475 tempora
649 1397 723 1458 laeta
746 1401 836 1459 vices.

150 1481 246 1559 Saepe
268 1481 342 1541 mihi
365 1479 484 1540 dubiam
508 1483 597 1540 traxit
619 1480 751 1542 sollertia
773 1490 921 1543 mentem:
1066 1493 1120 1542 215

192 1565 257 1625 Otia
280 1563 422 1625 vellemus
444 1564 489 1625 vel
510 1568 604 1643 magis
627 1584 707 1625 arma
730 1566 834 1646 sequit

151 1648 304 1718 Quaerere
326 1649 484 1709 vindictam
506 1649 552 1709 vel
575 1650 760 1711 dissimulare
783 1652 953 1729 querelam?

191 1733 333 1794 Hostibus
355 1736 467 1794 instare
489 1734 536 1794 vel
559 1752 643 1811 mage
665 1743 769 1812 treuga
793 1736 882 1795 darei

149 1817 221 1877 Odia
246 1817 408 1879 dissolvunt
431 1819 552 1888 animos,
576 1818 727 1879 suadendo
751 1820 880 1896 quietem

191 1903 303 1963 Sensus
326 1909 466 1962 enervant
489 1903 692 1983 desidiamque
714 1905 823 1964 lovent.
1062 1915 1115 1963 220

148 1987 225 2058 Quid
250 1990 385 2065 sequitur
407 1985 539 2048 tolerans
561 1988 671 2066 injuria
694 1986 774 2047 nulla
797 1986 935 2066 repulsa?

191 2071 343 2139 Soandala,
364 2068 508 2147 jacturae,
532 2071 650 2140 damna,
673 2071 796 2150 pericla,
818 2074 927 2133 minae.

147 2154 231 2224 Quod
254 2152 370 2233 loquor,
395 2172 431 2213 ex
453 2172 522 2215 casu
545 2159 696 2234 praesenti
719 2159 797 2216 scire
818 2159 953 2237 potestis,

190 2236 254 2298 Otia
280 2239 419 2299 materias
441 2238 488 2300 his
511 2239 642 2299 tribuere
666 2239 758 2300 malis.

153 2323 210 2384 Sed
234 2323 319 2383 dolus
341 2325 485 2384 intererat
507 2332 537 2384 et
559 2325 664 2401 dignus
688 2324 802 2385 vindice
825 2325 921 2384 nodus
1063 2335 1115 2383 πᾶ

191 2407 283 2468 attuit
304 2408 431 2469 incautis
453 2407 614 2468 insidiosus
636 2408 733 2468 homo.

150 2493 295 2552 Ledaeam
318 2496 417 2571 rapuit
438 2494 571 2552 tacturus
593 2500 659 2553 vota
683 2493 793 2553 lilanae

159 2596 168 2617 ·
191 2575 305 2636 Fanum
329 2594 396 2636 cum
420 2578 508 2637 sociis
530 2577 724 2654 ingrediendo
746 2578 839 2638 Paris.

150 2661 273 2721 lleveuit
295 2660 435 2738 praedam
459 2679 517 2720 non
540 2662 633 2724 Marte
656 2660 707 2721 sed
730 2670 795 2722 arte
819 2662 952 2731 levatam,

190 2744 318 2805 Fraudis
340 2761 399 2805 non
423 2743 520 2805 laudis
543 2746 602 2807 huc
626 2745 692 2807 tulit
714 2764 795 2806 arma
818 2745 910 2806 Paris
1062 2755 1116 2804 230

146 2834 232 2889 Arma
258 2829 362 2905 lugant
383 2828 493 2901 hostes,
517 2829 645 2890 reddunt
666 2833 784 2897 amissa,
808 2828 958 2908 repellunt

189 2913 361 2989 Segnitiem
385 2922 526 2992 reparant
548 2914 664 2982 damna,
689 2922 812 2974 tuentur
835 2933 915 2992 opes.

146 2998 171 3060 0
193 3000 351 3074 proceres!
374 3007 472 3059 vestro
496 2998 620 3076 supplex
642 2999 753 3058 inclino
776 2997 878 3067 lavori,

188 3081 246 3140 Vos
268 3082 352 3142 video
375 3085 484 3142 nostris
507 3082 695 3143 condoluisse
718 3082 850 3160 probris;

213 3286 270 3334 211.
290 3299 325 3333 ex
342 3285 466 3349 margine
484 3299 546 3349 pro:
567 3284 689 3349 eloquor.
711 3285 838 3336 recitare.
908 3285 968 3334 aad.
985 3300 1034 3350 pro
1052 3285 1113 3341 cod,

145 3352 242 3402 thuere
261 3368 276 3403 e
295 3352 428 3416 margine.
492 3353 551 3402 225.
579 3367 627 3416 pro
647 3352 705 3403 cod.
725 3353 810 3412 dolor,
830 3368 845 3403 e
863 3352 998 3417 margine.
1050 3353 1111 3404 226.

145 3435 240 3484 margo
259 3419 373 3484 praebet
390 3419 525 3471 scholion:
545 3419 636 3470 Paris.
672 3422 730 3473 233,
749 3436 782 3470 ex
799 3419 923 3484 margine
942 3434 991 3485 pro
1010 3419 1112 3474 labori.
