2378 3810
419 127 548 189 naastan.
584 155 610 190 v.
628 138 772 188 ecl-me.
1015 136 1077 201 183

109 292 257 369 Coeperat
279 297 307 350 et
328 289 446 351 Priamo
469 291 585 367 signum
609 288 818 370 splendescere
843 291 962 367 nigrum

153 375 189 435 Et
210 380 324 454 portam
348 373 436 434 turba
457 373 517 452 jam
539 372 674 434 subitura
696 375 785 439 leret:

109 463 242 520 Antenor
265 458 348 518 duxit
370 461 401 518 in
425 457 502 519 celsa
525 456 630 536 palatia
654 456 814 536 Pyrrhum

154 543 240 604 'l'unc
262 543 363 602 luerat
386 542 466 602 lerro
489 543 603 604 cinctus
626 550 656 601 et
677 542 741 620 ipse
763 541 838 601 lero.

110 626 174 686 Non
197 627 268 687 sinit
290 629 405 686 interea
427 626 561 705 Pyrrhus
584 625 715 685 dormire
738 643 922 695 mucronem,
1025 636 1075 685 465

155 711 266 772 Sternit
288 728 362 790 quos
383 709 479 770 media
503 711 649 790 conspicit
670 711 714 769 ire
737 712 794 770 via.

110 793 198 855 lanua
221 793 331 870 regalis
352 801 465 854 temere
488 793 626 856 convulsa
649 793 776 854 tumultu

153 878 366 958 Horrendaque
389 877 485 958 replet
507 881 655 939 anxietate
679 877 809 938 domum.

110 963 233 1024 Eroitus
255 962 290 1022 ad
315 963 469 1042 strepitum
493 962 651 1040 longaevus
673 962 791 1023 anhelat
814 961 848 1022 ad
873 981 968 1023 arma:

56 1110 59 1115 ,
153 1047 239 1107 Arma
263 1047 370 1126 quibus
393 1064 496 1126 pacem
519 1046 644 1107 duxerat
665 1047 730 1124 ipse
752 1047 813 1107 diu.
1025 1056 1076 1104 470

110 1131 251 1191 armandi
273 1130 391 1191 Priamo
414 1128 497 1191 deest
519 1133 613 1209 copia,
637 1131 721 1208 copia
745 1148 815 1190 vero

153 1214 272 1275 insueto
294 1222 411 1294 poterat
429 1215 508 1275 utilis
531 1233 595 1275 esse
617 1217 727 1275 minus.

109 1296 168 1375 Oui
190 1299 295 1359 mediis
317 1307 471 1378 postquam
496 1298 627 1359 videtin
651 1297 855 1376 penetralibus
877 1299 992 1359 hostem

152 1381 288 1458 Remigio
311 1383 407 1444 credit
427 1383 588 1445 devolitare
611 1383 731 1462 pedum.

108 1465 176 1526 blas
198 1466 368 1544 perdiderat
390 1486 504 1547 pennas
527 1467 644 1528 iurante
667 1475 797 1536 senecta,
1025 1476 1075 1525 475

153 1550 272 1611 l‘urtivo
295 1551 428 1628 graditur
450 1553 594 1631 temporis
617 1569 689 1612 aura
711 1551 796 1630 pede.

110 1634 176 1694 Non
199 1632 286 1712 louge
309 1637 390 1696 stetit
412 1654 462 1697 ara
484 1636 576 1706 lovis;
600 1638 648 1696 vix
671 1636 795 1713 contigit
816 1633 895 1694 illam

153 1717 214 1778 Rex
236 1726 317 1779 ratus
340 1720 442 1779 auxilii
464 1718 574 1780 fercula
598 1721 678 1780 lerre
700 1719 813 1786 lovem;

109 1801 282 1881 insequitur
305 1803 441 1885 Pyrrhus
464 1803 549 1864 etad
573 1821 654 1863 aram
678 1804 760 1863 crine
784 1812 948 1864 retractum

152 1886 208 1946 Per
229 1888 340 1948 laevam
362 1888 458 1965 rigido
481 1888 600 1966 pertidit
622 1906 692 1949 ense
714 1905 826 1948 senem.
1024 1897 1076 1946 480

80 1973 83 1981 ’
110 1970 164 2030 llic
186 1971 254 2033 linis
276 1971 394 2042 Priami,
418 1975 461 2033 sic
483 1973 584 2033 taedas
607 1973 734 2052 turpiter
757 1981 837 2032 actas

152 2054 347 2134 Ledaeasque
369 2056 424 2116 luit
446 2057 561 2116 exitiale
585 2057 677 2117 nelos.

412 2202 601 2271 [axornmu
618 2203 774 2272 saorra]

113 2321 235 2383 llecuba
258 2335 369 2386 moesta
393 2326 467 2400 lugit
490 2327 684 2404 sequiturque
707 2322 853 2402 Polyxena
876 2333 1010 2393 matrem,

155 2406 214 2466 lam
238 2408 363 2469 credunt
386 2409 490 2468 ambae
512 2411 691 2469 sustinuisse
714 2426 827 2468 necem.

113 2495 229 2552 deneas
252 2494 384 2553 occurrit
406 2495 456 2561 eis,
481 2512 498 2553 o
521 2494 593 2553 tirol
616 2490 714 2572 puella
1025 2502 1076 2551 485

155 2575 212 2636 lsta
236 2584 287 2636 tuo
310 2578 386 2637 vivat
407 2595 542 2647 munere,
565 2586 660 2636 mater
682 2578 738 2649 ait;

108 2658 216 2720 Omnia
238 2661 434 2739 perdidimus,
459 2660 663 2722 tautummodo
686 2661 744 2721 rita
768 2660 869 2720 relicta
893 2670 945 2728 est,

152 2742 295 2803 Praebeat
318 2752 349 2804 ut
370 2763 490 2806 sensum
515 2745 729 2821 materiamque
751 2743 835 2805 mali:

111 2880 271 2888 -W
293 2883 313 2887 ...

78 2988 81 2992 .
174 2944 235 2995 461.
252 2945 355 3008 Margo.
373 2945 566 3009 splendescere
586 2950 700 3011 propter
717 2946 818 3010 ignem,
837 2946 943 3010 nigrum
962 2951 1076 3010 propter

105 3015 264 3076 corruptam
286 3012 475 3067 intentionem,
569 3016 628 3064 473.
647 3014 723 3078 Virg.
742 3013 809 3062 Aen.
827 3013 871 3075 Il,
891 3013 949 3062 508.

314 3086 342 3131 et
360 3081 478 3130 medium
496 3082 525 3129 in
543 3080 736 3145 penetralibus
754 3080 870 3130 hostem.

105 3146 166 3196 479.
184 3146 261 3212 Virg.
278 3143 346 3202 Aen.
365 3148 401 3211 ll,
420 3150 478 3198 550.
496 3150 554 3202 551.
572 3150 631 3200 553.

311 3241 343 3250 -
361 3241 393 3250 -
412 3241 444 3250 -
464 3215 564 3266 altaria
583 3216 618 3266 ad
636 3216 697 3282 ipsa
714 3217 874 3264 trementem

211 3279 323 3332 ‘Traxit

312 3365 345 3400 ac
363 3350 447 3400 lateri
466 3350 565 3415 capulo
584 3355 665 3401 tenus
684 3346 791 3399 abdidit
809 3362 912 3398 ensem.

107 3413 169 3467 481.
188 3415 267 3480 Virg.
285 3416 353 3470 Aen.
373 3419 409 3479 Π,
427 3419 485 3468 565.
504 3418 575 3468 bueo
592 3417 654 3468 linis
672 3416 774 3468 Priami
792 3416 920 3469 fatorum.
