2378 3810
401 157 463 212 Lib.
482 157 528 211 IV.
557 171 582 208 v.
600 158 745 209 tor-438.

93 316 130 376 Ut
155 313 256 392 vulpes
278 312 368 391 vulpe
391 313 540 390 capiatur,
557 329 627 372 raro
649 310 778 388 videtum

135 399 206 459 Assa
229 406 328 458 tamen
355 399 448 456 viram
471 397 624 455 decoriare
647 402 753 473 potest.

94 482 240 544 Aeacidae
263 488 394 542 mentem
417 497 507 560 quum
531 487 634 541 nostra
656 479 802 560 Polyxena
826 488 941 560 tangam

135 567 244 646 lpsum,
267 565 345 645 quod
370 567 476 645 capiat,
499 572 563 625 rete
585 563 682 644 puella
706 571 783 624 neat.
1007 576 1058 626 410

95 653 176 713 llitte
199 653 304 721 virum,
330 652 381 727 qui
404 650 483 710 dicat
505 651 541 719 ci,
566 666 653 728 quam
678 647 792 726 diligas,
816 658 899 729 optat

138 736 270 796 Foedere
295 735 427 814 conJugii
449 751 502 793 rex
524 735 639 793 sociare
663 732 725 794 tibi.

93 820 148 881 Pes
171 828 238 880 turus
260 820 289 878 in
312 820 414 880 fanum
438 817 619 879 conscendat
641 816 794 894 Apollinis
818 818 855 878 ad
878 837 944 894 nos

136 903 217 966 lllico
241 902 382 982 compleri
407 905 433 963 si
455 910 506 962 tua
528 908 594 962 vota
617 900 700 972 velis,

93 989 130 1048 Et
152 991 274 1048 veniens
296 989 396 1048 venias
418 990 483 1047 sine
507 986 598 1047 multo
621 983 716 1045 milite
738 986 828 1055 solus,
1007 999 1058 1049 415

136 1072 266 1133 Turbari
287 1070 373 1132 turba
395 1070 516 1132 turbine
539 1069 614 1130 forte
636 1077 741 1148 potest.

94 1157 158 1216 Sint
181 1175 214 1217 ea
237 1155 327 1217 verba
349 1173 425 1225 mea,
448 1171 507 1215 non
530 1156 591 1214 sint
611 1161 675 1224 tua;
700 1157 822 1217 nuntius
845 1164 944 1218 autem

52 1261 54 1263 ·
139 1242 184 1302 Sit
206 1248 290 1307 tuus;
314 1250 358 1300 est
380 1238 479 1300 verbis
501 1238 639 1299 credulus
661 1237 709 1299 ille
732 1240 821 1311 meis;

94 1326 218 1388 Insidias
240 1325 350 1386 habeas
371 1323 421 1384 illo
444 1325 580 1384 veniente
603 1331 727 1402 paratas,

136 1412 221 1472 Tunc
242 1409 325 1491 quasi
343 1412 387 1469 vir
410 1425 509 1487 surge.
533 1407 654 1469 brachia
677 1409 741 1469 laxa
764 1427 857 1485 more,
1005 1420 1057 1471 420
1129 1423 1133 1426 ’

93 1497 129 1556 Et
153 1502 289 1556 moveant
311 1496 393 1564 socii,
416 1511 472 1555 nec
495 1501 613 1554 cessent
635 1493 763 1562 dextera,
789 1494 884 1554 donec

137 1579 297 1644 Multorum
319 1587 432 1640 mortes
455 1585 591 1639 mortuus
614 1580 678 1656 ipse
700 1577 769 1638 luat.

94 1666 141 1727 Sis
163 1664 238 1727 bene
262 1662 405 1725 sollicitus
428 1681 574 1742 peragens
595 1661 668 1721 haec
692 1663 788 1722 omnia
812 1670 907 1742 caute,

136 1750 221 1811 Solus
244 1749 353 1810 secreti
376 1748 512 1808 conscius
534 1753 598 1806 esto
622 1747 672 1806 tui.

95 1835 167 1895 Cum
191 1834 282 1894 semel
306 1834 457 1901 emissum,
480 1831 558 1892 volet
579 1828 786 1908 irrevocabile,
811 1830 950 1892 verbum:
1003 1841 1055 1891 425

136 1918 298 1986 Admoneo‚
322 1917 419 1977 veniat
442 1934 479 1975 ne
502 1917 567 1992 quis
590 1916 625 1975 ad
649 1915 704 1975 ista
727 1913 845 1993 loquax.

93 2002 188 2082 Hujus
209 2001 375 2064 Alexander
397 1997 486 2061 veluti
509 2001 685 2060 temerarius
707 2016 810 2060 ausum

137 2088 282 2166 Propositi
306 2086 442 2166 spondet,
465 2088 587 2162 sponsio
610 2092 695 2145 cauta
718 2084 796 2144 latet.
874 2107 877 2111 ’

239 2249 415 2322 [NUNTIUS
434 2249 616 2304 MITTITUR
634 2249 685 2302 AD
704 2249 909 2318 ACHILLEM.]

95 2358 223 2418 Nuntius
245 2357 359 2416 interea
382 2354 460 2415 vadit
484 2354 617 2414 dicturus
639 2352 775 2414 Achilliz'

135 2440 256 2502 Hecuba
280 2458 326 2499 me
349 2440 430 2498 misit
453 2436 551 2497 dicere
575 2453 667 2513 pauca
690 2435 761 2505 tihi;
1007 2447 1058 2499 430

95 2524 169 2586 Filia
192 2531 292 2585 nostra
311 2521 366 2583 tihi
388 2519 493 2582 dilecta
515 2518 672 2600 Polyxena,
697 2520 772 2589 dico,

138 2608 188 2676 Te,
213 2608 291 2667 velut
314 2603 446 2685 optabas,
471 2606 663 2684 impatienter
686 2613 774 2665 amat.

95 2694 126 2753 Si
148 2701 178 2753 te
201 2690 327 2752 delectat
348 2689 472 2751 Veneris
495 2688 658 2768 decerpere
679 2689 779 2766 flores

136 2775 207 2855 Ejus
228 2774 419 2854 inamplexu
442 2776 481 2834 sit
504 2791 586 2835 mora
610 2771 700 2846 nulla,
723 2775 801 2834 veni.

95 2861 131 2921 Et
153 2878 190 2921 ne
212 2860 360 2939 propositi
382 2857 536 2936 frangatur
559 2857 656 2919 fabula
680 2861 786 2928 nostri,
1006 2869 1056 2919 435

136 2944 264 3006 Consilio
287 2944 403 3004 comilis
424 2945 613 3003 incomitatus
635 2943 715 3004 ades.

94 3029 125 3089 ln
149 3031 217 3090 lano
240 3028 374 3088 Priamus
397 3034 547 3105 exspectat
568 3025 721 3106 Apollinis
745 3027 846 3098 intres

136 3113 177 3175 lle
200 3111 380 3194 sponsalitiis
401 3110 481 3172 illico
503 3120 603 3172 certus
626 3113 695 3172 eris.

160 3315 219 3365 410.
236 3314 342 3379 Margo.
361 3315 466 3379 spinne.
535 3315 594 3363 425.
609 3310 735 3363 vHoratii
752 3316 795 3362 est
812 3313 894 3378 episi,
910 3313 934 3374 Ι,
953 3313 994 3376 18,
1013 3315 1057 3368 71.

93 3382 151 3431 433.
170 3376 219 3430 Ov.
239 3380 314 3431 Rem.
337 3383 384 3432 103

162 3446 222 3510 Sed,
243 3449 308 3513 quia
327 3448 448 3498 delectat
466 3449 579 3498 Veneris
598 3447 747 3512 decerpere
766 3447 854 3497 flores.

832 3526 872 3580 Q*
