2378 3810
437 160 500 213 Lib.
518 162 570 213 111.
606 178 632 212 v.
650 162 760 213 st-ss.

109 321 168 380 Per
190 318 288 378 lemur
311 315 390 377 illius
412 314 471 374 vidi
495 315 622 375 transire
644 316 788 390 sagittam,

154 402 306 464 Debueras
328 399 393 479 ejus
415 406 485 459 tunc
507 396 677 459 terebrasse
700 398 810 474 gulam.

109 488 245 566 Cumque
267 493 334 545 tuos
356 483 416 544 vidi
437 482 572 543 foedatos
594 480 716 561 pulvere
738 481 847 554 crines,

157 571 244 648 Fugit
265 568 356 629 corde
378 567 467 636 calor,
492 567 568 645 tagit
588 565 626 626 ab
648 583 701 625 ore
724 564 816 625 color.
1043 572 1080 620 40

115 656 159 717 Ne
182 664 230 715 tua
252 655 313 714 leta
335 670 406 713 snae
428 650 532 711 credas
554 649 592 710 de
615 657 716 710 cetero
739 649 869 717 dextrae,

154 739 206 799 Sin
227 746 312 816 potes
335 746 485 796 extremos
507 735 670 813 anticipare
692 733 764 794 dies.

114 826 154 883 An
178 822 308 883 nondum
331 837 404 896 vage
426 821 503 880 lama
526 826 593 880 tuas
615 820 750 894 pervenit
772 816 809 877 ad
832 833 918 876 aures

156 907 196 968 De
218 908 326 966 virtute
348 904 411 970 viri,
435 920 522 981 quam
545 901 608 962 leve
631 902 725 962 robur
747 901 828 981 ejus?

112 993 186 1070 Apte
209 991 301 1068 magis
324 989 432 1049 Veneri
454 994 532 1054 sunt,
556 994 726 1063 quamtus,
752 985 883 1054 brachia,
907 984 1002 1044 Marti.
1045 991 1079 1039 45

156 1072 235 1135 Bella
258 1080 365 1152 gerant
387 1070 447 1141 alii,
471 1079 503 1131 tu
525 1072 638 1131 sociare
662 1069 743 1132 milri.

114 1157 180 1219 Non
202 1174 266 1218 sum
289 1159 396 1225 victas,
421 1158 477 1222 ait;
503 1155 561 1214 huc
583 1174 630 1215 me
654 1155 773 1214 victoria
796 1154 897 1219 duxit:

156 1243 278 1302 Saucius
299 1240 349 1301 ille
371 1239 459 1308 redit,
484 1237 563 1300 nulla
586 1237 728 1318 trophaea
750 1239 839 1316 gerit.

114 1325 250 1392 Dixerat;
272 1331 301 1384 et
324 1325 427 1385 nitidis
448 1323 616 1384 circumdat
636 1321 710 1383 colla
733 1321 854 1383 lacertis

155 1409 264 1470 Oscula
285 1409 357 1469 dent
379 1407 490 1485 cupidi.
535 1406 639 1468 Cetera
663 1406 731 1466 nolo
753 1407 843 1485 loqui.
1045 1412 1079 1460 50

155 1571 215 1627 HIC
235 1571 373 1626 ORITUR
391 1568 784 1693 SEXTffigffiffidNTER
801 1568 967 1625 GRAECOS
985 1568 1033 1622 ET

111 1744 197 1805 Mane
220 1742 398 1804 rubescebat
418 1742 511 1802 stellis
533 1744 647 1802 Aurora
670 1742 788 1818 iugatis.

156 1827 295 1889 Vanescit
317 1826 411 1888 rubeo
433 1828 527 1889 Marte
549 1829 651 1904 togate
673 1828 773 1905 qnics;

112 1911 250 1974 Aiacides
272 1911 404 1972 Danadm
428 1909 572 1971 vexillifer
594 1918 625 1971 et
649 1910 805 1971 Diomedes

156 1994 238 2056 lllius
261 2003 306 2056 est
328 1997 408 2055 acies
429 1993 589 2056 sollicitare
612 2011 722 2056 comes.

111 2080 327 2160 lnpertcrritus
348 2077 396 2141 his
418 2086 448 2139 et
469 2077 708 2159 inexpugnabilis
729 2078 840 2140 Hector
976 2133 978 2136 ,
1043 2085 1077 2133 ss

155 2164 271 2232 obviat,
294 2163 440 2224 Hectorea
463 2163 584 2225 brachia
606 2182 678 2224 voce
703 2172 795 2242 parat.

180 2366 221 2415 39.
243 2362 318 2428 Epit.
340 2366 408 2415 3235
430 2363 571 2429 Iliacoque
595 2369 657 2414 tuos
684 2363 812 2414 foedaret
839 2361 953 2428 pulvere
976 2362 1077 2413 crines.

110 2435 154 2483 40.
174 2431 225 2480 Ov.
243 2431 310 2480 Her.
329 2431 377 2489 xi,
397 2432 439 2484 at.
459 2431 571 2496 fugerat
588 2446 634 2481 ore
652 2430 736 2480 color.
773 2430 991 2495 spitametam

215 2499 337 2562 Fugerat
354 2513 400 2549 ore
419 2498 501 2560 color,
521 2499 689 2562 sanguisque
708 2496 858 2562 reliquerat
875 2502 961 2546 artus.

108 2569 151 2617 41.
169 2566 287 2630 Epitom.
306 2567 365 2616 329.
383 2568 425 2616 30.
444 2580 480 2616 ne
497 2580 591 2615 rursus
609 2565 720 2629 iniquae

277 2631 357 2682 Illius
375 2637 425 2683 tua
442 2633 502 2684 fata
518 2632 590 2684 velis
606 2631 776 2683 committere
795 2632 910 2683 dextrae

108 2702 170 2752 434.
187 2699 383 2762 Epitomatcria
401 2715 427 2750 v.
446 2702 506 2752 328.
524 2702 566 2750 29.
584 2703 635 2750 est.
686 2700 729 2749 tt.
746 2701 789 2752 46.
808 2700 889 2752 Ouid.
908 2700 974 2749 Her.
987 2699 1077 2758 XVH,

111 2770 170 2818 ⁸253.
189 2768 248 2818 254.
266 2767 297 2819 Β.
321 2780 348 2830 g.
373 2766 473 2818 fortes:
498 2772 530 2817 tu
547 2767 614 2816 Pari
636 2782 745 2832 semper
767 2783 837 2818 ama.
864 2771 892 2817 et
910 2765 992 2816 Ovtd.
1010 2767 1077 2819 Her.

109 2834 188 2894 xnt,
205 2835 247 2884 84.
282 2833 364 2883 Bella
381 2839 480 2899 gerant
499 2833 556 2896 alil,
573 2833 744 2884 Protesilaus
762 2841 844 2885 amet.

109 2903 153 2952 49.
173 2903 214 2951 50.
234 2901 376 2951 extensius
394 2902 561 2967 epitomator
577 2903 628 2952 336
645 2915 705 2966 sqq.

228 2967 368 3018 Posthaec
385 2968 511 3034 amplexu
528 2984 576 3034 per
592 2975 688 3018 mutua
706 2983 820 3033 corpora
838 2967 932 3019 iuncto

229 3035 360 3087 Incubuit
377 3035 505 3087 membris
523 3037 693 3101 Cygneidom
712 3035 763 3086 illa
781 3034 870 3086 soluto

228 3102 344 3167 Accepit
361 3103 484 3153 flammas
502 3105 606 3169 gremio
624 3102 781 3168 Trojaeque
800 3116 930 3167 suasque.
1065 3117 1067 3122 ⁸

110 3172 153 3219 51.
171 3169 248 3234 Virg.
266 3168 336 3220 Aen.
348 3171 400 3233 111,
413 3173 472 3220 521.
489 3196 524 3207 -
540 3171 650 3236 Margo:
669 3170 769 3233 Pugna
781 3169 841 3220 VII.
860 3169 956 3234 inqua
973 3170 1079 3220 Hector

111 3236 163 3286 VII
182 3237 265 3288 duces
284 3236 452 3288 Graecorum
470 3237 586 3300 occidit,
611 3242 640 3289 et
657 3236 779 3287 Achilles
797 3242 928 3302 quattuor
945 3235 1078 3300 Trojano·

109 3318 169 3354 rum
186 3309 216 3355 et
233 3303 342 3355 Aeneas
359 3303 490 3370 Merum')
509 3309 538 3355 et
554 3303 781 3371 Amphimachum
798 3311 825 3355 et
843 3305 991 3355 Diomedes
1003 3303 1078 3354 Xan·

109 3371 225 3437 tippnm.

178 3437 203 3503 ⁸)
222 3438 311 3490 Dares
328 3440 452 3491 nominat
469 3440 592 3491 Nireum.
