2378 3810
108 133 170 198 176
311 85 321 102 ’
417 133 479 184 Lib.
498 133 543 186 vr.
578 149 604 184 v.
622 135 766 186 aer-aue.

104 288 139 349 Si
163 287 324 366 quidquam
346 287 438 347 iuerit
461 285 496 346 de
520 285 762 364 contingentibus
783 293 913 356 auctum,

152 373 297 440 hemtum,
321 378 467 431 mutatum
490 371 641 432 credimus
663 387 728 431 esse
750 370 869 431 maium.

105 456 140 517 Si
164 474 222 516 non
245 462 359 524 cuncta,
383 454 493 515 Sinon!
515 457 624 515 iterum
646 453 701 515 tihi
724 455 861 524 dicimus,
886 463 954 534 apte

149 540 283 613 renerio
306 539 408 600 infelix
431 547 461 600 et
482 537 568 601 cibus
589 542 668 617 ignis
690 541 759 600 erio.

212 718 460 790 [nxcnnunrro
478 719 659 775 oucroms
678 720 718 773 ru
734 719 969 775 annurronns

470 803 708 874 ermannus-u]

107 927 185 999 Quid
208 928 313 995 facitis,
337 925 480 987 scelerata
505 924 631 986 cohors?
653 943 710 1006 qua
732 926 822 988 flante
843 926 982 1005 Megaera
1027 938 1078 988 285

152 1012 185 1072 ln
209 1019 338 1072 mentem
360 1009 448 1071 vohis
467 1011 591 1091 spiritus
613 1012 669 1074 iste
692 1011 771 1070 ruit?

110 1096 150 1157 Es
172 1098 240 1172 pius
260 1096 379 1156 Aencai
401 1096 444 1155 sic
466 1103 622 1156 cantavere
645 1103 767 1173 poetae;

126 1219 130 1228 -
153 1177 243 1257 Cujus
264 1180 405 1259 produxit
427 1179 540 1240 fabrica
563 1178 621 1240 tale
644 1179 737 1239 neias.

47 1261 49 1266 ’
109 1262 227 1342 Virgilii
250 1282 333 1326 musa
357 1263 511 1325 mendacia
534 1264 624 1324 multa
648 1260 761 1325 colorat

153 1348 195 1408 De
217 1356 248 1407 te
270 1366 330 1408 non
353 1348 429 1407 iacta
453 1347 504 1409 sed
528 1365 612 1426 mage
634 1349 700 1408 licta
724 1364 844 1409 canens.
1027 1360 1080 1409 290

110 1433 257 1508 Insignem
280 1434 392 1509 pietate
415 1433 509 1492 virum
533 1441 562 1492 te
585 1434 728 1501 nominat,
752 1448 877 1509 aequum

153 1515 307 1575 Praedicat
329 1523 358 1575 ct
379 1533 468 1595 saepe
491 1514 623 1577 clamitat
645 1535 709 1576 esse
732 1518 822 1593 pium.

111 1600 150 1661 Es
173 1618 211 1661 ne
234 1601 312 1678 pius,
335 1601 488 1679 propriam
511 1602 561 1680 qui
583 1600 706 1662 uadens
726 1599 863 1662 hostibus
886 1599 991 1662 urbem

153 1684 186 1745 ln
210 1685 352 1745 miseram
375 1685 468 1745 mittis
490 1687 587 1745 onmia
602 1687 674 1746 ‚viva
697 1685 816 1745 necem!

112 1770 186 1831 Cum
208 1768 283 1829 facie
306 1770 408 1838 civem,
432 1787 500 1829 cum
522 1777 643 1849 pectore
666 1777 695 1829 te
716 1769 792 1830 iacis
813 1768 939 1840 hostem,
1028 1781 1080 1831 295

155 1852 250 1933 Impia
273 1852 329 1913 sub
353 1852 434 1914 duici
457 1851 544 1914 meiie
566 1870 678 1913 venena
702 1851 804 1913 latent.

109 1937 255 1999 Sontibus
276 1939 409 1998 insontes
431 1936 559 2007 soboles,
584 1935 779 2016 sobolemque
802 1944 942 2016 parentes

153 2023 240 2082 Morti
262 2039 353 2101 quum
377 2021 480 2092 tradis,
503 2040 621 2102 semper
643 2021 765 2100 iniquus
787 2022 857 2082 eris.

113 2106 174 2166 iarn
198 2105 301 2183 Trojai
324 2108 416 2166 totius
438 2123 512 2183 apex
535 2106 589 2166 tibi
612 2108 712 2177 crevit·
726 2104 858 2176 honoris,

153 2189 198 2248 Tu
221 2189 342 2267 Trojam
365 2195 426 2248 toto
448 2192 567 2267 mungis
588 2189 703 2250 honore
726 2193 827 2251 miser.
1029 2202 1082 2252 300

111 2273 249 2335 Reddere
271 2272 380 2350 gaudet
401 2272 490 2335 homo
513 2292 640 2352 nequam
665 2293 718 2354 pro
741 2272 828 2335 melle
851 2292 1010 2346 venenum,

155 2357 213 2418 Pro
236 2358 334 2418 iructu
356 2375 493 2437 poenam,
517 2377 571 2439 pro
593 2360 703 2438 pietate
725 2356 834 2420 dolum.
1006 2362 1011 2366 ’

111 2442 177 2504 Non
201 2441 299 2502 Venus
321 2443 412 2503 immo
435 2445 550 2514 Venus;
574 2445 713 2524 quoniam
730 2445 831 2504 Venus
853 2449 899 2504 est
920 2447 1084 2512 meretrico

154 2526 265 2597 Quavis
288 2525 428 2596 deterior,
453 2535 481 2588 te
504 2532 645 2604 genuisse
666 2535 779 2606 potest;
885 2571 889 2581 ι

109 2610 154 2670 Te
177 2609 250 2687 iapis
272 2618 303 2670 et
323 2619 451 2682 montes
475 2612 635 2690 innataque
656 2610 781 2690 rupibus
802 2610 869 2672 aitis
1030 2624 1082 2673 305

156 2693 276 2755 Robora
299 2703 328 2755 te
351 2713 455 2756 saevae
476 2714 663 2775 progenuere
686 2697 778 2757 serae.

113 2777 198 2840 Unde
221 2795 310 2838 neces
331 2778 484 2841 bominum
507 2799 566 2841 non
591 2797 677 2841 curas
699 2799 784 2842 ruore
806 2778 919 2859 lupino,

154 2863 199 2922 Tu
221 2863 309 2924 fieres
331 2864 444 2943 rapido,
469 2865 609 2926 viscidusi
633 2883 699 2926 esca
723 2864 802 2945 lupo.

179 3085 192 3114 ⁸
223 3081 324 3131 Emer
343 3082 396 3132 ine.

178 3079 237 3198 2239.
259 3098 343 3199 Aiengi
365 3148 523 3203 Anticlaud.
549 3148 598 3201 lib.
616 3150 638 3199 I.
662 3148 717 3210 (ed.
734 3149 874 3214 Aniwerp.
894 3147 971 3212 1611)
990 3148 1038 3199 iol.
1058 3152 1083 3201 6.

110 3215 159 3265 lin.
178 3217 202 3265 9.
288 3218 347 3267 296.
365 3215 446 3266 ovid.
463 3218 555 3268 Amor.
573 3216 596 3279 1,
615 3218 640 3279 8,
660 3219 717 3267 104.
794 3218 853 3267 300.
872 3214 959 3266 schol.
975 3218 1085 3334 privos.

110 3285 168 3334 301.
187 3285 212 3336 2.
234 3283 323 3337 huon.
347 3282 445 3334 Navel.
469 3299 495 3349 p.
513 3285 573 3334 493.
597 3281 646 3336 lin.
667 3285 691 3332 4.
710 3285 738 3341 ὃ,
766 3284 816 3335 uhi
837 3287 933 3334 temen
954 3298 972 3333 u
986 3285 1085 3336 timum

38 3370 57 3385 -
110 3352 225 3401 verbum
244 3348 361 3412 ‚‚dolos“
381 3366 435 3401 uon
454 3350 592 3414 „dolum“.
695 3353 753 3402 302.
773 3350 859 3404 schol.
894 3351 957 3401 Non
974 3352 1082 3418 Venus,

110 3431 183 3482 quae
201 3416 268 3480 dea3
287 3418 369 3468 immo
387 3418 492 3483 Venus,
511 3433 581 3483 quoe
601 3418 732 3469 meretrix
750 3417 840 3468 foede.
