2378 3810
360 136 422 211 nio.
441 156 491 206 111.
527 172 553 209 v.
572 157 715 207 eoo-aee.
984 154 1024 218 81

56 311 133 371 Pace
156 308 336 370 resultantes
358 313 419 368 tres
442 308 590 386 partirere
613 307 802 378 Decembres,

100 394 269 471 Erumpunt
291 394 401 452 iterum
425 390 502 453 bella
524 391 665 453 minando
689 392 829 471 Phryges.
883 437 886 445 .
975 402 1026 452 310

56 480 203 560 Trojanas
226 478 305 538 acies
327 476 445 536 Troilus
468 476 606 554 producit
628 486 658 537 et
681 476 790 553 Hector

99 565 237 625 Memnon
261 570 290 620 et
313 562 426 621 Aeneas
449 569 576 637 quatuor
599 579 677 622 unus
700 558 786 640 aperi.

55 649 119 710 Rex
141 648 343 725 Agamemnon
368 647 411 704 eis
433 646 563 707 occurrit
586 664 652 707 curn
676 643 819 715 Menelao,

98 733 152 792 His
175 739 238 791 erat
260 728 401 790 Aeacides
424 748 491 789 curn
516 729 657 789 Diomede
680 747 789 790 comes.

56 817 183 878 Buccina
207 816 352 891 mugitum
376 813 478 874 datin
501 832 579 883 aere,
603 822 683 875 terra
706 815 845 892 remugit,
974 823 1024 872 315

87 902 276 974 'Horrisonas
298 917 386 958 voces
408 898 520 958 clamor
543 906 572 958 et
594 899 702 959 horror
726 901 795 977 agit.

56 983 308 1063 Quadrupedante
330 990 449 1061 putrem
473 985 572 1044 sonitu
595 985 689 1060 quatit
711 983 820 1060 ungula
843 1001 992 1062 campum,

99 1069 228 1130 Fortiter
250 1068 439 1147 appropiant,
463 1067 578 1142 spicula
602 1067 684 1127 mille
708 1066 815 1126 volant.

57 1155 169 1215 [lentea
185 1153 345 1228 ³cristatum
369 1151 530 1227 confringit
553 1151 633 1210 clava
655 1150 798 1230 galerum,

99 1238 220 1297 Transit
242 1255 295 1316 per
318 1234 430 1297 medias
452 1235 554 1296 lancea
578 1235 664 1314 longa
688 1235 782 1313 gulas.
976 1245 1026 1294 320

57 1323 89 1383 In
113 1320 183 1382 belli
206 1323 304 1400 capite
326 1320 405 1380 volat
427 1321 637 1380 invictissimus
659 1320 769 1380 Hector

100 1405 302 1485 Grajugenum
327 1404 420 1464 lortes
443 1403 644 1465 interimendo
669 1405 775 1473 duces;

57 1491 221 1551 Merionem
244 1491 408 1568 prosternit
429 1489 512 1549 humi
535 1491 714 1568 perimitque
737 1487 904 1568 Philippum

99 1574 172 1653 Ejus
195 1584 224 1634 et
245 1576 393 1653 Antippus
416 1572 534 1633 inclitus
558 1592 627 1633 ense
651 1574 739 1633 cadit.

57 1659 199 1737 Fulgurat
221 1661 252 1717 in
276 1658 420 1738 Phrygios
443 1658 625 1718 Graecorum
648 1675 749 1717 murus
773 1655 909 1725 Achilles,
976 1667 1026 1716 325

99 1741 293 1822 Euphorbum
316 1759 473 1820 procerem
497 1744 605 1802 sternit
628 1741 664 1801 ad
688 1759 780 1818 usque
804 1759 918 1802 necem.

58 1829 133 1888 Ecce
157 1827 273 1905 Lycaon
298 1824 380 1886 adest
403 1824 514 1886 Troum
537 1843 597 1885 non
620 1827 739 1886 iniimus
761 1824 859 1896 heros,

100 1912 195 1981 Quem
220 1911 316 1971 subito
339 1928 480 1988 prensum
505 1909 617 1969 casside
639 1910 709 1989 jecit
731 1908 822 1979 humi,

57 1997 133 2058 lecit
156 2004 186 2056 et
207 1997 239 2055 in
261 2001 365 2054 ventre
389 1993 583 2072 capulotenus
607 1993 722 2054 abdidit
744 2012 855 2061 ensem,

99 2079 160 2141 Nec
183 2079 264 2140 dedit
285 2081 441 2139 horrorem
465 2079 584 2139 Troilus
606 2079 676 2138 iude
699 2078 803 2139 levem.
975 2088 1027 2136 330
1113 2134 1122 2158 ,

57 2166 144 2226 Parte
168 2163 276 2223 cadunt
298 2163 335 2223 ab
359 2171 484 2242 utraque
506 2166 574 2234 viri,
599 2164 635 2223 de
657 2161 744 2242 plebe
767 2166 863 2223 ruisse

100 2247 188 2309 Miliia
211 2267 271 2308 non
293 2265 385 2327 pauca
410 2247 612 2308 dinumerabis
634 2246 686 2307 ibi.

57 2335 174 2394 Acriter
196 2341 355 2413 utrumque
377 2340 528 2411 pugnatur
552 2340 580 2392 et
603 2335 667 2406 ipsa
692 2339 831 2391 trecenos

100 2417 244 2477 Narratur
267 2434 364 2495 pugna
388 2417 578 2477 continuasse
601 2417 673 2476 dies.

58 2503 133 2562 Turn
157 2520 226 2563 vero
250 2501 384 2562 Priamus
407 2508 450 2562 tot
473 2507 575 2580 totque
598 2498 739 2561 cadavera
763 2497 874 2560 Trorim
976 2509 1026 2558 330

99 2585 217 2646 Viribus
239 2587 381 2662 Argivum
404 2592 495 2646 strata
518 2581 619 2645 iacere
643 2584 731 2653 videt,

57 2669 204 2750 Suspendi
226 2671 300 2749 petit
322 2670 358 2730 ah
381 2673 600 2747 Agamemnone
623 2668 755 2748 pondera
779 2666 851 2728 belli

99 2755 188 2814 Arius
213 2757 364 2814 exanimes
387 2755 580 2833 depositurus
602 2754 694 2814 humi.

125 2908 183 2956 309.
202 2919 309 2970 margo:
329 2904 395 2953 anni
413 2920 478 2968 pars
496 2920 545 2969 pro
563 2910 638 2954 toto:
657 2905 725 2954 Hor.
745 2902 807 2968 (Ep.
826 2905 848 2964 Ι,
868 2906 909 2966 20,
928 2902 974 2968 27)

158 2973 203 3021 Μο
223 2978 320 3037 quater
337 2971 462 3022 undenos
482 2974 554 3022 sciat
572 2972 730 3036 implevisse
748 2971 921 3023 Decembris.

55 3042 114 3090 312.
141 3039 253 3104 Margo:
277 3035 443 3089 Graecorum
465 3055 558 3104 pugna
577 3040 643 3101 VII,
666 3040 695 3088 in
717 3053 771 3103 qua
794 3037 899 3088 Hector
923 3039 1027 3089 occidit

55 3113 112 3158 tres
131 3107 214 3173 duces
232 3108 383 3158 Merionem
399 3106 559 3171 Philippum
578 3112 606 3156 et
619 3107 779 3171 Antippum3
799 3109 826 3154 et
839 3104 959 3157 Achilles
980 3123 1025 3157 oc·

57 3175 125 3225 cidit
143 3175 210 3224 duos
229 3175 313 3225 duces
331 3171 513 3236 Trojanorum
530 3175 661 3225 videlicet
678 3174 855 3238 Euphorbum
873 3176 1025 3238 011100οο-

56 3258 126 3292 nem.
210 3245 267 3294 317.
287 3245 369 3292 notus
386 3240 486 3305 Virgil.
510 3242 578 3292 Aen.
596 3242 676 3302 VIII,
700 3242 759 3291 596.
785 3240 874 3305 locus,
899 3241 1024 3294 Gualter.

56 3311 204 3362 Alexandr.
223 3311 294 3362 libro
314 3310 409 3374 quinto
428 3308 612 3360 imitationem
630 3308 729 3359 habet:

152 3379 333 3444 cornipedum
351 3377 469 3442 pedibus
487 3382 595 3443 putrem
614 3377 679 3427 terit
698 3375 803 3442 ungula
821 3376 929 3441 glebas.

56 3447 115 3495 324.
134 3447 243 3512 Margo:
263 3460 356 3512 pugna
368 3445 461 3497 XVIII
480 3445 593 3497 dierum.

109 3535 203 3578 Troilus.
822 3530 842 3578 ‘b
