2378 3810
97 124 175 221 1158
427 139 489 189 oro.
509 139 540 194 v.
575 154 601 193 v.
621 138 766 189 rer-aro.

112 297 202 356 Arma
225 291 317 354 dahas
340 309 467 369 semper,
491 309 591 353 armos
611 309 679 352 cum
701 291 804 352 floruit
826 300 916 360 aetas.

156 378 240 438 Tunc
263 376 401 437 robustus
426 395 492 436 eras
515 393 653 452 corpore,
677 383 776 436 mente
799 375 897 437 modo.

114 464 239 542 Semper
262 461 410 530 dedecuit,
436 479 453 520 o
476 462 543 520 rex!
568 468 596 521 te
619 459 748 521 dedecus
771 478 860 520 omne

155 547 192 608 Et
214 547 314 608 decuit
337 544 479 624 quioquid
503 543 606 605 debuit
629 562 693 605 esse
716 544 815 604 decus.

112 633 177 695 Non
201 649 299 692 armos
322 648 338 689 a
361 638 391 689 te
411 638 462 690 tua
485 629 586 698 turba,
609 630 662 691 sed
684 646 766 689 arma
788 630 923 708 requirit,
1029 640 1084 691 008

154 715 220 777 Non
243 733 319 794 opus
341 722 393 781 est.
418 720 454 779 ut,
474 730 548 794 opus
571 722 627 791 est,
652 721 778 791 etopus
800 722 832 774 et
854 731 952 792 opem.

112 802 261 880 Tempore
283 797 407 859 miiitiae
430 800 513 874 quasi
536 797 647 876 pardus
668 800 699 858 in
723 815 805 858 arma
828 795 939 868 volasti,

156 885 241 947 Nunc
262 882 376 952 tardus,
400 883 489 943 dedit¹
504 883 560 943 hoo
583 899 680 943 annua
702 893 780 943 meta
803 881 869 943 tibi.

112 968 212 1033 Militis
235 968 361 1036 emeriti,
385 967 444 1027 dux
468 967 593 1047 optime!
617 985 699 1028 more
723 984 895 1027 mucronem

155 1053 197 1113 Te
220 1051 306 1113 decet
328 1053 364 1112 ad
388 1055 518 1132 patrium
542 1052 716 1129 deposuisse
737 1051 842 1114 larern.
1028 1061 1082 1111 800

112 1139 202 1200 Posse
226 1148 310 1199 tuum
333 1139 453 1206 seimus,
477 1155 534 1197 neo
555 1137 623 1217 pius
645 1145 673 1197 te
696 1154 784 1215 posse
807 1142 962 1213 putamus;

155 1221 240 1292 Quod
263 1229 369 1282 natura
392 1231 490 1299 negat,
513 1221 641 1282 reddere
664 1239 752 1280 uerno
775 1227 881 1299 potest.
1015 1220 1030 1233 ’“

111 1305 202 1368 Μο110
226 1323 327 1366 senem
350 1307 587 1366 circumveniunt
609 1305 806 1372 incommoda,
830 1303 919 1365 debet

154 1390 207 1450 Vir
230 1389 327 1449 honus
350 1399 381 1450 et
402 1389 535 1466 prudens
557 1390 731 1450 commodus
753 1407 817 1449 esse
837 1391 911 1450 seni.

111 1475 219 1536 Mentis
241 1472 422 1534 inhumanae
444 1473 489 1534 vel
512 1491 571 1534 non
594 1473 684 1535 homo
706 1473 839 1534 creditur
861 1491 937 1545 0000,
1026 1483 1078 1533 808

154 1557 250 1619 101001
271 1559 322 1637 qui
345 1556 469 1619 senibus
491 1575 551 1618 non
575 1559 691 1637 pietatis
715 1577 799 1637 opus.

111 1643 217 1720 Magna
240 1644 296 1703 suit
317 1643 466 1722 quondam
490 1644 593 1722 capitis
615 1645 781 1707 reverentia
804 1644 881 1711 cani,

154 1727 248 1804 inque
270 1745 324 1788 suo
346 1729 443 1807 pretio
464 1744 539 1804 ruga
561 1727 664 1788 senilis
687 1736 761 1788 erat.

112 1813 161 1874 Sic
184 1822 213 1874 et
235 1810 340 1882 adhuc,
365 1829 495 1891 unquam
518 1814 576 1873 nisi
599 1811 676 1873 forte
699 1812 766 1890 quis
788 1812 899 1891 impius
919 1810 993 1873 iliud

155 1896 254 1958 Solvat
276 1897 416 1958 decorum
440 1915 493 1957 cor
515 1896 687 1957 tribulando
710 1914 825 1957 senum.
1028 1905 1081 1955 810

112 1983 224 2046 Cuncta
248 1981 336 2043 trahit
358 1999 459 2042 secum
484 1983 632 2061 vincitque
655 1979 783 2041 volubile
805 1987 922 2060 tempus

152 2065 215 2127 Nec
237 2069 349 2143 patitur
371 2075 451 2126 certa
475 2083 599 2126 currere
621 2083 757 2144 quaeque
779 2067 833 2126 via.

111 2151 155 2210 Te
177 2167 294 2229 quoque
317 2167 370 2208 rex
392 2149 492 2222 traxit,
516 2157 546 2208 at
568 2152 701 2227 quamvis
723 2150 847 2210 traxerit
869 2157 959 2220 aetas,

153 2233 186 2294 10
209 2233 323 2294 nulium
347 2232 432 2294 duxit
452 2238 571 2311 tempus
593 2233 670 2294 001Ιο
693 2234 786 2294 nefas.

109 2315 389 2398 lrreprehensibilis
412 2337 444 2379 00
466 2335 528 2386 rex,
552 2326 585 2380 tu
608 2311 714 2380 lividus
736 2335 809 2379 aevo
1027 2327 1081 2376 818

152 2403 276 2464 Vividus
298 2403 419 2480 ingenio
443 2405 576 2464 nosceris
599 2422 664 2464 0000
687 2402 775 2464 bono.

109 2487 219 2550 Exarat
242 2490 272 2549 in
295 2487 394 2548 sulcos
416 2487 521 2548 iaciern
545 2497 662 2550 matura
685 2494 833 2555 senectus,

153 2571 211 2632 Sed
235 2580 359 2633 renovat
380 2579 484 2652 pectus
505 2575 604 2633 omnis
626 2573 749 2633 honoris
772 2588 857 2651 opus.

108 2724 312 2734 *-

177 2809 234 2865 196.
265 2808 454 2872 ochoimarg.
473 2808 665 2862 0000010000.
752 2809 813 2859 802.
835 2804 1082 2872 (Maximinianos)

108 2874 187 2942 Eleg.
206 2876 241 2938 V,
259 2877 302 2928 54.
371 2878 429 2927 803.
449 2877 545 2926 Horat.
563 2875 616 2926 Ars
634 2879 707 2941 poet.
727 2877 784 2927 169.
855 2873 1082 2926 8000101000.

108 2943 192 2995 Satir.
211 2944 290 3008 XIII,
309 2946 342 2995 54

211 3012 370 3063 Credebant
386 3011 439 3063 hoo
458 3009 561 3076 grande
580 3010 662 3061 00100
682 3015 710 3061 01
727 3027 802 3062 more
820 3008 963 3078 piandum,

211 3079 240 3130 Si
254 3078 365 3144 juvenis
383 3078 477 3130 000010
495 3093 550 3129 000
567 3085 767 3133 assurrexerat.

107 3165 166 3215 807.
184 3166 208 3215 8.
236 3169 279 3214 est
296 3163 375 3215 ovid.
397 3164 474 3214 Fast.
494 3165 528 3228 V,
546 3165 587 3214 tt.
606 3165 646 3215 58.
737 3166 796 3215 811.
827 3166 867 3215 12.
894 3160 976 3212 uorn.
1003 3159 1083 3216 (tau.

107 3230 292 3297 (Maximino.)
311 3231 390 3296 Elag.
409 3232 430 3294 1,
450 3232 507 3282 109.
528 3232 585 3295 110,
603 3230 650 3281 ubi
668 3237 762 3283 tamen
781 3247 830 3298 pro
850 3228 976 3296 ‚,rincit“
989 3233 1083 3284 vertit

107 3300 255 3355 invenitur.
306 3300 365 3349 811.
384 3298 464 3353 Aion.
483 3298 585 3349 Anticl.
604 3299 654 3349 lib.
672 3299 719 3350 VI.
739 3299 778 3366 (p.
797 3299 842 3364 93)
861 3297 1081 3353 1100001000

208 3368 267 3418 1100
285 3371 377 3417 tamen
395 3366 471 3417 illius
490 3366 592 3417 faciem
610 3376 718 3419 maturo
736 3374 864 3420 00000100

206 3436 313 3485 Exorat
331 3435 360 3484 10
377 3435 468 3485 sulcos
487 3460 520 3470 -
537 3461 571 3471 -
