2378 3810
425 172 783 224 mumma
1014 169 1075 234 m

107 325 193 398 Quod
215 322 321 404 proba,
344 324 423 404 quod
446 323 570 394 stabilis,
595 325 673 402 quod
698 327 751 385 iias
772 332 878 404 sponte
900 323 996 385 fidelis

151 407 267 470 Fallere
290 427 338 468 me
361 417 462 470 metuo
484 410 509 468 si
532 407 689 487 fidejussor
712 427 773 469 ero.

108 495 140 556 Si
163 494 228 573 quis
249 494 329 553 idem
353 499 462 572 sperat,
483 491 615 572 J'aetunas
635 511 723 572 poma
746 496 874 572 myricas

152 577 253 640 Credit
275 588 305 639 et
327 597 343 637 e
365 578 463 638 medio
486 579 608 639 flumine
630 577 716 638 mella
740 580 824 657 petit.

109 662 266 742 Nequitiae
289 662 446 724 manifesta
469 669 537 722 tuae
559 662 738 723 documenta
761 662 868 723 dedisti
1026 671 1077 720 765

154 747 222 808 Post
244 745 356 808 bellum
375 745 456 825 J'usto
479 746 661 809 restituenda
684 749 757 806 viro

109 829 196 900 Quod
217 839 277 892 tam
300 831 452 892 reddenda
476 850 564 911 quam
586 831 703 892 reddita
725 840 837 892 moesta
860 805 1001 892 manebas

152 915 195 976 Ad
219 916 349 978 Graecos
373 917 494 976 veniens
514 915 643 986 turbida,
666 915 742 980 laeta
768 916 908 994 Phryges.

109 999 204 1079 lmpia
228 1007 309 1060 verte
332 1001 472 1078 graelum
497 1002 599 1079 cupias
621 1000 820 1079 quodcunque
842 1018 966 1062 neeesse

152 1084 220 1154 Es't;
243 1088 343 1163 magni
366 1084 469 1144 mundi
492 1085 635 1161 sanguine
659 1085 745 1163 plena
768 1085 849 1144 redi!
960 1112 962 1117 ⁴
1027 1093 1077 1143 770
1132 1120 1139 1130 ·

109 1168 215 1229 Nonne
238 1171 391 1248 peremisti
413 1178 457 1229 tot
478 1167 570 1228 millia
594 1169 655 1229 sola
678 1167 826 1245 maligna?

154 1253 219 1325 Quo
241 1252 332 1313 debes
356 1257 429 1314 tanti
451 1255 603 1331 sanguinis
624 1254 669 1312 ire
691 1253 762 1313 nea?

112 1337 291 1414 ingredieris
312 1341 382 1399 item
405 1339 520 1399 funesta
544 1337 649 1418 palatia
673 1336 768 1398 elaea?

156 1421 261 1482 Nonne
283 1421 362 1484 lones
386 1426 484 1502 potius
507 1422 733 1484 comminuenda
757 1423 838 1482 rota‘t

66 1522 71 1530 ·
112 1505 193 1566 Hane
217 1524 322 1567 noxam
347 1525 418 1567 coxa
442 1510 566 1576 decoxit,
591 1526 650 1567 non
673 1515 722 1568 tua
747 1507 850 1568 dextra
1027 1518 1077 1566 775

153 1589 214 1651 Hoc
238 1589 365 1651 decusa
389 1610 454 1652 sena
478 1595 652 1670 posteritate
675 1594 765 1651 lenes.

273 1805 381 1874 [FATA
398 1803 649 1867 REVERSORUM
668 1803 915 1874 GRAECORUMJ

111 1945 230 2023 lamque
254 1948 329 2004 viam
352 1946 457 2006 suadet
478 1946 598 2012 Boreas,
622 1952 653 2004 et
675 1962 748 2004 nave
771 1942 865 2004 soluta

154 2030 262 2107 Optato
285 2030 356 2089 ssatu
378 2028 501 2091 carbasa
524 2037 592 2089 nota
615 2037 730 2089 sonant.

109 2112 271 2194 Quumque
294 2113 357 2174 dies
379 2115 418 2174 ita
442 2132 496 2192 per
519 2115 635 2195 aliquos
658 2121 875 2194 natpnospera
899 2112 1001 2175 classis

148 2199 245 2276 'Aegei
268 2199 376 2276 gaudet
397 2199 537 2263 fluctibus
558 2218 609 2261 usa
633 2201 735 2270 meris,
1030 2206 1081 2255 780

112 2281 263 2362 incipiunt
286 2283 383 2362 epulis
405 2282 577 2362 levibusque
600 2301 704 2345 vacare
727 2283 889 2350 cachinnis,

158 2367 242 2428 Sicut
263 2369 293 2426 in
317 2365 438 2426 exilium
462 2368 573 2444 ingerit
594 2384 683 2426 omne
705 2364 823 2427 malum.

113 2599 172 2649 761.
191 2598 231 2647 62.
250 2595 364 2677 Benign.
386 2598 487 2648 excid·
495 2597 572 2661 Troj.
591 2600 633 2652 85.
652 2599 684 2648 36

216 2663 331 2715 Femina
348 2666 423 2716 viola
441 2681 516 2716 mero
535 2665 616 2744 quod
624 2665 743 2716 inebriat
760 2666 836 2717 ebria
856 2683 920 2718 vero

248 2733 308 2783 Non
326 2733 386 2784 fieti
404 2749 482 2798 spero
501 2749 535 2784 ne
551 2731 698 2797 fidejussor
717 2748 772 2788 ero.

113 2818 171 2869 763.
189 2819 230 2869 64.
249 2816 327 2872 Ovid
346 2818 396 2868 Ars
414 2818 473 2868 Am.
492 2820 513 2880 l,
531 2817 589 2869 747.
607 2819 641 2868 48

265 2883 294 2935 Si
312 2887 374 2950 quis
392 2912 425 2921 -
443 2887 562 2949 myricas

299 2952 411 3018 Sperat:
431 2958 459 3004 et
476 2955 505 3004 in
523 2953 612 3004 medio
631 2953 742 3004 flumine
760 2952 843 3004 mella
861 2958 949 3018 petat.

114 3038 171 3090 776.
190 3037 295 3102 Margo.
315 3037 407 3087 ironia
426 3037 514 3100 adid,
533 3038 606 3103 quod
625 3038 704 3089 Paris
722 3037 830 3088 dixerat
849 3036 883 3087 ad
902 3053 978 3088 eam:

318 3105 343 3154 si
362 3103 396 3154 de
415 3109 442 3155 te
460 3109 519 3155 toto
538 3105 713 3157 contenderit
731 3106 814 3168 orbis,

315 3172 422 3223 Nomen
441 3173 476 3222 ab
495 3177 608 3222 aeterna
627 3173 793 3238 posteritate
811 3173 894 3223 feres.

114 3255 511 3317 QOffin

114 3323 563 3387 mwmssmmn

215 3390 328 3455 Iamque
346 3391 420 3443 viam
440 3391 539 3442 suadet
556 3392 678 3455 Boreas3
696 3390 818 3456 fletuque
837 3389 957 3440 seeundo

216 3457 344 3508 Carbasa
361 3463 435 3510 mota
453 3464 562 3509 sonant.

166 3545 258 3588 Troilus.
848 3545 888 3593 Va
