2378 3810
401 169 466 221 nro.
485 170 531 222 1v.
556 186 583 224 v.
603 171 745 222 erc-arr.
997 169 1057 232 113

135 323 286 395 Vulnerat,
310 324 454 385 Aeacides
476 321 688 384 saucius‘inde
711 328 800 383 meat.

90 411 262 489 Insequitur
285 409 423 468 Memnon
447 426 513 468 cum
537 406 675 477 Troibus,
699 409 756 467 iste
777 406 898 475 resistit,

135 494 171 553 Et
193 510 332 572 pugnam,
357 495 490 572 quamvis
512 493 634 552 saucius·
653 501 740 560 esset,
764 492 833 558 init:

93 578 152 639 Sed
175 577 354 638 custodierat
375 579 460 656 prius
483 575 531 636 ille
555 575 693 653 ligamine
715 573 830 644 vulnus,

136 662 179 722 Ne
198 669 317 740 pareret
339 661 459 740 lapsum·
476 662 630 737 sanguinis
652 659 730 720 unda
754 659 874 738 pedum.

93 746 160 806 Non
183 745 250 807 tulit
271 746 413 806 Aeacides
434 743 577 805 insultum
600 745 766 805 Memnonis
789 761 888 806 acrem

137 831 285 909 Impetum
308 838 337 890 et
359 829 456 890 multer
472 829 564 889 caede
586 826 697 889 rubere
719 828 798 888 lacit,

95 913 156 974 Nec
181 916 276 974 tenuit
298 913 428 992 gladium
451 911 576 980 Pelides,
600 913 696 974 donec
718 913 753 974 ad
777 929 879 974 amnes

135 995 221 1058 lllum
245 997 375 1058 deferret
398 995 519 1057 vulnere
542 997 626 1076 plaga
649 996 765 1076 Stygos,
860 1002 863 1006 ’

94 1081 159 1142 Nou
182 1098 284 1158 regem
308 1079 394 1142 miles
415 1083 537 1161 impune
560 1082 730 1160 perimeret,
754 1083 851 1161 ipsum

136 1166 266 1242 Contigit
288 1184 304 1225 a
327 1163 405 1225 bello
427 1163 547 1225 vulnera
570 1165 649 1226 serre
673 1165 741 1226 duo.

93 1250 198 1310 Occiso
222 1266 292 1326 rege
314 1248 473 1310 Persarum
497 1248 619 1310 brechia
641 1255 762 1329 torpent

136 1333 257 1403 Troum,
281 1333 447 1412 procedunt
468 1334 589 1411 segnius
612 1353 681 1395 arva
705 1334 824 1394 ducum.

93 1419 159 1478 lam
181 1416 318 1494 titubant,
338 1417 398 1496 jam
421 1426 504 1496 terga
527 1417 636 1479 dabant
657 1417 788 1497 palantia
811 1418 927 1487 Teucri,

135 1503 301 1562 Memnonis
324 1511 352 1562 et
373 1503 465 1564 Troili
489 1521 570 1563 mors
592 1504 671 1563 venit
694 1521 793 1581 ungue
817 1505 906 1564 truci.
1007 1512 1059 1561 360

97 1587 239 1663 Pergama
261 1588 440 1666 praecipites
462 1584 600 1656 subcunt,
624 1595 654 1646 et
676 1589 794 1648 moenie
817 1584 966 1657 claudunt,

134 1671 235 1747 Pugna
258 1671 328 1732 lacit
349 1675 440 1733 linem
463 1677 551 1730 nocte
573 1671 694 1748 lugente
717 1672 807 1732 diem.

255 1816 339 1886 [PAX
358 1814 501 1870 DECIMA
519 1814 701 1869 TRIGINTA
717 1815 903 1887 DIERUMJ*

92 1922 155 1983 Rex
177 1921 375 2000 Trojanorum
399 1923 527 1999 spatium
550 1922 670 1998 triginta
695 1922 812 1982 dierum

134 2005 268 2067 Postulat
290 2025 306 2065 a
330 2005 443 2067 Graeco
465 2008 547 2085 pacis
570 2005 680 2066 habere
703 2014 823 2068 statum.

92 2092 204 2150 Annuit
228 2101 258 2150 et
279 2088 413 2151 Troilum
436 2110 502 2151 cum
525 2092 682 2152 Memnone
705 2091 795 2153 Troia
818 2101 956 2154 venustos
1003 2101 1054 2150 365

135 2172 265 2236 Collocat
289 2178 320 2235 in
343 2174 480 2246 tumulos,
503 2175 602 2236 flendo
625 2184 725 2237 secuta
749 2180 838 2237 viros.

92 2257 213 2319 Hecuba
236 2277 291 2338 pro
314 2260 415 2320 Troilo
439 2260 559 2321 deducit
581 2269 611 2321 et
632 2260 760 2321 Hectore
784 2259 946 2339 planctum,

135 2343 240 2421 lrrigat
262 2346 409 2421 ingenuas
430 2344 552 2405 lacrima
575 2351 688 2402 moesta
711 2361 812 2420 genas.

91 2427 242 2488 Pulmonis
264 2428 375 2504 rigidas
398 2428 507 2504 agitant
529 2427 658 2505 suspiria
680 2426 778 2497 cedas

133 2513 233 2573 Allicit
254 2512 378 2570 interior
401 2511 482 2571 arida
506 2509 597 2571 corda
620 2509 713 2571 dolor.
1009 2520 1061 2572 3⁷0

91 2595 214 2655 Preudit
235 2595 265 2653 iu
288 2593 443 2654 Aeacidem
467 2592 577 2655 calcata
599 2595 715 2655 saevius
736 2593 830 2675 hydra

136 2679 197 2737 lliri
219 2680 354 2739 rancoris
378 2687 476 2738 mente
500 2697 611 2739 venena
634 2695 753 2754 gerens.

92 2763 129 2823 Et
152 2764 221 2841 quia
244 2764 272 2821 vi
295 2779 436 2840 superare
460 2765 556 2824 virum
581 2763 717 2824 diffidere
740 2767 802 2826 visa

134 2847 194 2916 Est,
220 2846 329 2907 cacabo
353 2847 452 2908 cordis
475 2848 613 2926 decoquit
636 2847 684 2908 ille
708 2849 816 2910 dolum.

159 3118 216 3167 346.
251 3116 361 3181 Margo:
397 3115 519 3167 Achilles
547 3134 564 3168 a
590 3117 734 3168 Memnone
755 3117 925 3168 vulneratur.
995 3122 1054 3172 353.
1141 3149 1143 3153 ·

90 3183 198 3249 Margo:
222 3183 351 3235 Memnon
370 3184 505 3234 occiditur
528 3185 563 3235 ab
581 3185 699 3238 Achille.
767 3187 825 3239 363.
853 3186 963 3251 Margo:
995 3188 1054 3237 Pax

91 3250 125 3302 X.
146 3252 262 3314 triginta
275 3251 379 3303 dierum
398 3256 426 3302 et
443 3252 513 3303 haec
530 3258 591 3303 erat
608 3269 663 3319 pax
681 3251 779 3304 ultima
791 3258 819 3303 ct
830 3254 871 3303 ita
884 3253 1055 3320 interpolata

90 3320 225 3369 intereos
244 3320 335 3370 fuerat
353 3335 408 3384 pax
426 3321 486 3370 VII.
506 3321 585 3370 annis
605 3325 639 3370 et
652 3320 747 3372 decem
766 3321 915 3372 mensibus.

94 3384 186 3502 libs)
213 3387 410 3454 inscriptiones
434 3387 615 3453 capitulorum
639 3387 784 3455 suppletae
807 3403 894 3453 usquo
918 3387 1053 3441 adfinem

141 3540 235 3584 Troilus.
857 3541 880 3588 Q
