2378 3810
385 161 448 215 Lib.
467 161 514 213 IV.
548 177 574 213 v.
593 162 737 213 aer-312.

75 315 191 377 Bellum
215 316 356 394 proponit
377 334 436 377 uno
459 315 642 394 suspendere
666 333 777 385 mense,

117 401 246 480 Imperat
270 409 299 461 et
320 401 416 479 quivis
439 417 563 479 corpora
585 406 677 460 strata
699 398 786 461 locat.

274 546 401 602 runnu
419 528 595 603 vrcusrun
614 545 682 601 sax
699 547 849 602 omnum.

76 655 205 718 Zodiaco
228 653 320 716 semel
344 651 484 733 explicito
506 654 584 712 redit
606 652 727 714 humida
749 653 880 723 Phoebe,

118 741 169 800 Bis
192 740 307 801 decima
330 739 456 800 redeunt
477 737 600 798 horrida
623 735 700 798 bella
723 740 796 802 vice.

76 826 186 885 Evocat
206 825 359 903 Argolicos
381 825 585 900 Agamemnon
608 822 750 893 fervidos,
773 840 877 884 omnes

120 909 308 971 Concurrunt
330 907 450 982 Teucri,
473 925 570 986 pugna
593 907 626 968 lit
648 909 726 968 acris
747 906 799 967 ibi.

76 995 158 1054 ltlixti
180 992 268 1073 plebe
291 992 382 1055 duces
403 1001 530 1070 pereunt
552 993 713 1072 utrimque,
737 992 861 1072 fluitque

119 1077 180 1138 Ceu
203 1077 288 1138 cadat
310 1079 341 1136 in
364 1075 486 1154 pelagus
507 1078 663 1152 sanguinis
685 1076 773 1147 unda,
797 1076 890 1142 lacus.

77 1163 230 1240 Rumpere
251 1160 300 1222 uta
322 1178 412 1222 manu
434 1177 494 1220 non
517 1161 629 1221 sufficit
652 1178 709 1221 uua
732 1179 872 1222 sororum

121 1247 178 1306 Sed
202 1244 257 1305 sibi
279 1247 376 1326 poscit
395 1262 484 1323 opem
508 1245 597 1306 tertia
617 1246 699 1306 lerro
722 1245 804 1311 duas.

78 1330 208 1397 Transiit
229 1332 259 1390 in
283 1328 373 1391 caede
396 1328 508 1391 celebri
530 1347 599 1409 pars
622 1330 718 1408 prima
741 1330 799 1390 diei

119 1415 154 1474 Et
176 1414 276 1494 prodit
297 1413 416 1476 Troilus
438 1420 537 1475 mente
560 1431 711 1492 manuque
733 1416 832 1484 lerus;

77 1499 134 1569 Qui
158 1517 226 1560 cum
248 1498 396 1562 mrdtilluo
418 1499 612 1578 perfunderet
635 1517 704 1560 arva
728 1517 845 1570 cruore,

95 1582 249 1663 ·Argolici
272 1584 370 1645 subita
391 1581 539 1644 delituere
559 1584 641 1661 iuga.

77 1667 277 1749 Myrmidones
301 1671 391 1729 etiam
415 1675 497 1728 torre
520 1669 690 1744 speculatur
704 1667 841 1742 Achilles,

120 1754 305 1815 Graecorum
327 1751 444 1830 plagam
466 1751 745 1831 Myrmidonumque
768 1752 879 1828 lugam.

78 1837 199 1898 Pridem
223 1836 359 1897 militiam
382 1843 575 1912 superaverat
597 1835 686 1896 ardor
709 1837 828 1906 amoris,

119 1921 243 1983 Militiae
266 1921 385 1982 stimulo
407 1938 488 1980 nunc
511 1926 669 1999 superatur
691 1937 785 1980 arnor.

78 2005 144 2066 Non
168 2003 245 2067 valet
267 2004 390 2066 alterius
413 2012 456 2065 tot
478 2004 664 2066 dissimulare
687 2019 809 2067 suorum

121 2090 261 2159 Vulnera,
286 2089 402 2159 damna,
426 2107 524 2159 neces,
547 2108 580 2151 sc
604 2090 681 2152 levat
703 2098 733 2151 et
754 2092 787 2151 tit
809 2110 912 2171 eques.

79 2174 210 2243 Prosilit,
234 2176 263 2235 in
286 2174 418 2236 Troilum
442 2193 474 2235 se
498 2176 594 2243 vertit,
619 2183 649 2236 at
672 2174 721 2236 ille
743 2183 895 2254 potentem

121 2259 278 2336 Excipiens
300 2261 401 2328 ictum,
426 2261 539 2320 sauciat
562 2277 634 2321 ense
656 2261 762 2327 virum.

79 2343 204 2404 Saucius
227 2361 298 2423 ergo
320 2344 406 2412 redit,
431 2342 520 2403 durat
541 2361 593 2404 sex
615 2360 714 2422 pugna
738 2342 843 2404 dieltus
1146 2414 1149 2424 ¹

123 2428 277 2489 Continuis
300 2436 330 2489 et
352 2445 433 2488 mors
456 2426 575 2487 mordet
597 2436 746 2506 utrosque
763 2429 873 2504 gravis.
995 2434 1046 2484 310

131 2555 309 2612 ACHILLES
328 2553 533 2610 HORTATUR
551 2554 640 2611 SUOS
659 2556 697 2611 IN
715 2556 845 2611 NEOEM
860 2555 994 2616 TROILI.

79 2664 211 2743 Septima
234 2661 283 2723 lux
307 2661 416 2729 oritur;
440 2679 526 2722 saeve
548 2669 706 2744 pugnatur,
729 2662 858 2725 Achilles

125 2746 262 2807 Nondum
284 2745 447 2825 prodierat,
471 2745 594 2808 vulnere
616 2747 715 2809 lentus
737 2756 810 2816 erat,

147 2915 205 2966 287.
224 2917 366 2980 proponit:
389 2929 483 2980 mergo
505 2917 656 2982 postponit.
740 2919 798 2968 290.
815 2917 950 2981 Marginis
970 2915 1048 2968 scho-

78 2983 152 3033 lion:
180 2998 274 3048 pugna
296 2999 333 3032 xx
357 2999 405 3034 sex
424 2983 529 3034 diebus.
631 2986 690 3035 293.
710 2984 821 3037 Gualth.
840 2983 918 3038 Alex.
936 2983 969 3044 V,
989 2985 1047 3035 145,

80 3053 137 3102 295.
156 3052 198 3105 96.
218 3050 329 3104 Gualth.
347 3051 426 3101 Alex.
444 3051 477 3113 V,
498 3052 632 3102 142-144
750 3062 751 3067 ’

197 3119 334 3183 Rumpere
353 3118 400 3168 filu
417 3134 500 3168 manu
518 3134 573 3169 nou
591 3118 696 3171 sufficit
713 3135 768 3170 una
787 3134 918 3183 sororum,

197 3185 369 3252 Abj‘eoteque
389 3185 448 3237 colo
467 3184 567 3236 Clotho
585 3187 775 3251 Lachesisque
794 3189 913 3244 virorum

197 3255 272 3306 Fata
289 3258 406 3318 metunt,
425 3269 562 3318 unamque
581 3255 652 3306 duee
667 3253 765 3319 juvere
784 3269 901 3307 sorores.

80 3323 138 3374 297.
170 3337 234 3388 pars
258 3321 313 3374 diei
337 3338 351 3372 e
374 3322 499 3388 margine
522 3337 571 3387 pro
595 3338 660 3388 pres
677 3323 755 3378 dieri.
842 3324 899 3374 311.
935 3322 1046 3384 Margo:

81 3389 180 3456 Pugna
202 3389 269 3441 XXI
291 3391 320 3439 in
344 3404 400 3454 qua
417 3389 539 3441 Achilles
563 3391 666 3441 occidit
684 3390 805 3441 Troilum
826 3396 855 3441 et
872 3391 933 3455 ipse
951 3387 1047 3440 vulne-

82 3461 160 3507 ratus
178 3473 195 3508 a
213 3472 278 3523 rege
296 3458 440 3509 Persarum
459 3459 616 3524 Memnone,
633 3459 754 3510 eundern
770 3458 976 3508 obtruncarunt.
