2378 3810
414 183 475 232 en.
494 182 541 232 vr.
577 201 604 236 v.
623 185 768 235 coe-ace.
1017 182 1076 245 177

110 338 211 398 Mitius
234 336 335 395 inveni
358 351 447 412 quam
472 341 499 393 te
522 349 617 410 genus
639 353 727 394 omne
748 335 890 407 ferarum,

152 419 298 481 Antenor!
320 417 430 490 simitis,
448 425 493 477 est
515 417 569 477 tihi
591 416 689 479 nultus
711 420 797 497 aper!
1027 430 1078 478 310

112 503 234 572 Urbem,
259 520 335 580 quae
357 501 451 562 mutto
474 503 603 562 surrexit
625 502 660 563 ad
684 511 761 563 astra
784 502 896 572 labore,

156 589 218 648 Una
242 586 340 647 fecisti
363 594 450 647 nocte
472 586 581 665 perire,
601 585 690 667 lupe!

111 671 189 734 Urbs
213 670 301 742 bona,
325 669 467 732 nobiliter
489 679 612 732 steterat
633 689 709 751 quae
731 670 869 751 pluribus
891 672 987 741 annis,

152 756 220 817 Flos
242 756 339 826 Asiae,
362 754 485 835 Trcjtrm
508 756 612 833 gloria,
636 773 752 834 gemma
775 755 935 835 Phrygum,

111 841 223 901 Hortus
246 841 385 910 tironum,
409 857 566 917 procerum
590 859 668 912 rosa,
692 839 750 900 nna
774 858 888 918 regum,
1029 850 1078 898 313

152 923 264 1004 Pompa
288 922 465 1002 puellarum,
488 928 604 985 mansio
614 936 712 1010 grata
736 925 855 994 rincum,

110 1006 225 1069 Auxilii
247 1027 360 1078 murus,
385 1011 499 1086 patriae
521 1000 668 1069 tutissima
691 1011 791 1075 turris,

154 1092 304 1152 Omiser!
323 1110 346 1150 o
369 1091 476 1160 subito,
500 1099 529 1150 te
552 1095 718 1168 perimente
745 1095 832 1171 perit.

111 1176 213 1254 Turpe
236 1175 358 1254 quidem
381 1174 469 1243 dictu,
493 1174 544 1234 sed
569 1174 702 1236 simodo
726 1195 795 1236 vera
820 1177 957 1244 fatemur,

154 1260 276 1319 Saevior
301 1266 346 1317 est
368 1261 467 1318 animo
490 1259 589 1338 vipera
613 1258 692 1320 nnita
716 1268 777 1320 tuo.
1028 1269 1079 1317 320

111 1343 247 1423 luppiter
269 1344 300 1402 in
323 1341 432 1403 multos
455 1345 611 1404 temeraria
634 1344 760 1404 fulmina
783 1351 912 1421 torquet,

152 1426 208 1498 Qui
231 1443 368 1505 poenam,
392 1445 481 1508 quam
504 1433 545 1498 tu,
569 1447 628 1488 non
652 1447 790 1490 meruere
813 1430 883 1507 pati.

110 1514 154 1572 Tu
178 1530 296 1590 quoque
317 1510 503 1590 Polydamas,
528 1516 577 1592 qui
600 1512 690 1572 verba
713 1515 841 1574 nefanda
863 1513 993 1584 serebas,

153 1596 256 1656 Nonne
278 1596 351 1656 ieris
373 1599 468 1656 saevis
491 1595 555 1675 ptus
578 1597 705 1657 feritatis
728 1597 838 1658 habes?
925 1612 929 1619 ’
1071 1652 1075 1659 ,

110 1680 216 1741 Prodis
237 1681 268 1739 in
290 1687 418 1739 mortem
441 1697 551 1757 pueros
571 1679 753 1759 juvenesque
776 1698 931 1760 senesque,
1028 1691 1079 1738 323

159 1764 191 1824 ln
215 1763 323 1843 quibus
346 1771 375 1822 et
398 1762 533 1832 recubes,
557 1765 672 1824 moenia
697 1765 775 1824 etara
798 1783 850 1825 ere
884 1782 925 1824 as.

110 1847 206 1918 Quem
228 1847 301 1908 tibet
323 1855 386 1907 aeta
410 1846 551 1926 probant,
583 1856 610 1907 et
634 1847 702 1926 quid
728 1864 786 1907 non
810 1866 864 1927 pro
887 1851 945 1909 iter
969 1848 1078 1909 audet?
1136 1897 1144 1912 .

153 1932 307 2010 Terraque
330 1931 366 1990 de
389 1934 496 1997 fructu,
521 1948 607 2008 quam
631 1934 669 1990 sit
691 1949 801 2000 amara,
826 1932 921 1994 docet.

109 2016 193 2086 Quae
215 2034 300 2093 seges
324 2015 433 2076 iniecta
456 2024 557 2093 surget
579 2033 638 2075 non
662 2014 783 2077 decolor
806 2015 909 2086 herba,

151 2099 266 2160 Arbore
290 2099 326 2160 de
350 2100 548 2161 uutciuutcia
572 2117 660 2178 poma
680 2100 801 2162 eadunt.
1027 2111 1079 2159 333
1183 2174 1187 2181 1

111 2185 228 2255 Nescio,
251 2192 401 2245 tantorum
425 2203 491 2244 cum
515 2187 553 2245 sit
575 2187 718 2264 pincerna
741 2186 896 2259 malorum,

109 2292 112 2298 ·
154 2268 293 2329 Carmine
316 2285 374 2345 quo
397 2271 505 2346 fungar
527 2272 559 2328 in
581 2277 631 2329 tua
655 2270 712 2330 tata
736 2270 834 2329 ferox!

112 2352 319 2413 utricidam
342 2353 488 2431 sociisque
510 2356 570 2412 tuis
593 2354 774 2430 inopemque
798 2361 957 2421 senectam,

154 2437 191 2496 Et
214 2437 317 2514 longas
340 2437 463 2506 hiemes,
486 2445 721 2516 perpetuamque
744 2437 832 2495 sitim.

316 2583 498 2652 [ereneus
517 2581 684 2638 oeenrur
702 2582 872 2652 Poenum]

110 2687 276 2768 Egrediens
298 2691 329 2748 in
353 2696 448 2749 castra
472 2689 565 2749 Sinon
589 2688 687 2750 audita
711 2698 853 2768 reportat,
1029 2699 1079 2747 333

154 2774 217 2834 Rex
240 2791 307 2833 cum
325 2773 503 2852 Grajugenis
525 2773 641 2851 singula
665 2773 753 2834 verba
776 2781 874 2844 notat;

178 2926 237 2975 303.
257 2923 352 2974 Ovidii
371 2932 413 2974 est
429 2923 543 2974 Heroid.
563 2924 597 2987 X,
618 2927 641 2976 1.
754 2926 812 2974 310.
832 2923 937 2988 Margo
967 2923 1078 2973 Invehi-

110 2991 181 3041 tur·
173 3007 202 3040 an
221 2994 395 3043 Antenorem.
482 2993 540 3047 321
559 2993 601 3046 22
620 2991 700 3043 Ovid
721 3007 743 3042 e.
762 2992 842 3041 Pont.
861 2989 912 3052 ΙΙΙ,
931 2991 956 3051 6,
976 2991 1017 3040 27.
1036 2993 1078 3053 28,

112 3058 161 3108 ubi
179 3063 272 3109 temen
284 3056 424 3109 secundus
442 3073 539 3109 versus
558 3063 650 3109 sonet·

281 3127 335 3188 Qui
354 3141 469 3191 poenam
487 3124 587 3190 culpae
605 3141 660 3177 non
678 3140 800 3176 meruere
817 3125 884 3188 pati
1141 3148 1145 3155 ·

111 3194 170 3244 323.
189 3194 298 3260 Margo.
316 3192 489 3244 Invehitur
481 3208 510 3242 m
529 3192 765 3256 Polydamantem.
822 3194 880 3244 327.
900 3190 982 3243 Ovid.
1002 3193 1078 3242 Post.

109 3259 1081 3326 11,331.quidnonamorimprobusoudet.Orid.e.1³.111‚

109 3329 197 3392 8,16.
266 3331 326 3380 333
345 3331 387 3379 34.
406 3329 458 3383 Ov
475 3328 535 3384 Am
554 3327 577 3378 Ι.
596 3330 623 3392 8,
643 3330 700 3379 113
719 3329 752 3378 14

195 3395 233 3446 Di
252 3396 306 3446 tibi
322 3397 387 3447 dont
403 3395 548 3468 nullosque
567 3395 651 3460 lares,
668 3396 829 3460 inopemque
847 3398 989 3446 senectam

221 3465 267 3514 Et
284 3463 383 3529 longae
402 3459 456 3519 etc

162 3546 179 3584 Τ
179 3543 254 3587 ri.elus
866 3544 909 3591 Ὦ.
