2378 3810
153 111 194 221 er
274 150 277 155 ’
459 159 520 209 ute.
540 158 590 208 111.
625 174 650 213 v.
670 158 812 210 era-eae.

154 311 288 374 Cinthius
311 313 342 371 in
366 309 453 379 bello,
477 310 624 371 decrescit
647 309 765 372 Cinthia
788 311 869 370 euris

197 394 341 456 Continuo
364 412 483 475 semper
506 395 655 455 anxietate
677 395 771 454 novis.

153 479 224 541 Esto
247 481 324 559 quod
347 480 378 540 in
400 498 474 558 paee
498 481 574 539 vivat
595 497 648 539 rex
672 486 701 538 et
723 488 812 557 queat
835 479 916 539 omni

196 564 278 625 Intus
302 571 331 624 et
354 564 484 624 exterius
507 564 707 643 prosperitate·
726 563 793 623 frui.
1071 575 1131 622 620³

153 649 263 710 Secure
287 650 373 717 vivat,
397 646 544 726 epuletur,
569 646 674 724 gaudia
697 647 794 716 ducat,

195 733 298 794 Omnis
319 734 351 791 in
374 733 497 792 exilium
520 750 607 792 eausa
630 733 746 791 timoris
770 738 826 792 eat.

153 817 184 878 Si
207 818 302 876 ventri
325 815 410 886 bene,
434 819 460 876 si
482 815 568 877 lateri
590 815 676 887 bene,
700 816 724 875 si
746 815 882 893 pedibus,
905 815 949 875 nil

195 900 314 978 Regalis
336 901 446 979 poterit
468 900 579 961 addere
601 917 701 960 mensa
724 902 827 976 magis.

152 985 216 1046 Nou
242 993 285 1046 est
307 985 436 1046 tironum
459 1002 513 1044 rex
536 1002 647 1051 servus,
672 983 788 1062 quando
812 983 959 1043 ministrat
1068 995 1124 1042 ene

196 1068 327 1147 Singula,
352 1088 428 1148 quae
453 1071 527 1129 vitae
550 1066 718 1129 sollicitudo
741 1075 837 1145 rogat.

152 1155 217 1216 lllus
241 1155 375 1232 sequitur
398 1172 515 1232 panem,
539 1152 598 1212 mel
621 1170 731 1222 musea,
754 1152 903 1231 lupusque
926 1151 1063 1223 cadaver,

195 1238 260 1300 Non
282 1255 384 1314 regem
409 1236 536 1317 populus
558 1239 713 1315 quaeritat,
738 1238 830 1297 immo
852 1237 981 1298 luorum.

154 1323 219 1384 Non
243 1326 302 1382 erit
326 1339 397 1398 ergo
420 1323 492 1381 mihi
515 1319 619 1381 collata
642 1323 783 1400 potentia.
799 1322 881 1390 tanti,

195 1407 235 1466 Ut
256 1407 323 1466 fiam
345 1404 405 1464 litis
428 1412 530 1466 auctor
553 1423 655 1464 amore
677 1405 732 1464 sui.
1071 1414 1129 1463 636

152 1491 277 1552 Frustra
297 1488 364 1568 jura
387 1487 461 1566 legis
485 1475 654 1567 contempto
677 1489 779 1550 codiee
802 1489 884 1566 legis,

195 1574 308 1634 Nomen
331 1572 442 1633 habens
464 1577 555 1651 regis,
579 1575 630 1650 qui
652 1572 727 1634 male
749 1591 841 1651 regna
865 1576 955 1650 regis.
1063 1599 1064 1602 ¹

153 1660 224 1721 Feri
248 1659 290 1717 sio
313 1658 430 1728 lorsam
455 1659 480 1718 si
502 1658 567 1730 ieci,
593 1658 709 1728 neseio;
732 1658 791 1717 feei

195 1741 277 1812 Quae
301 1744 398 1819 potui;
423 1760 513 1821 super
536 1742 582 1801 his
604 1743 726 1821 parcite,
751 1759 871 1820 quaeso,
895 1741 976 1801 mihi.

154 1828 192 1889 Ut
214 1827 313 1887 desint
335 1828 420 1895 vires,
445 1835 543 1888 tamen
567 1833 611 1887 est
634 1824 779 1886 laudanda
802 1824 945 1895 voluntas,
1071 1833 1127 1883 635·

195 1910 267 1971 Hoc·
282 1910 350 1970 lacit
372 1919 405 1970 ut
426 1911 540 1990 placeat
562 1928 621 1971 non
645 1911 743 1970 minus
764 1927 839 1986 agna
862 1909 945 1970 bove.
995 1957 997 1961 ,

42 2017 48 2028 ·
154 1995 183 2056 Si
208 1994 333 2055 ducibus
355 1995 452 2073 placet
475 2003 505 2056 et
526 1995 599 2062 aliis,
624 2002 656 2054 ut
678 1996 716 2053 sit
738 1993 913 2053 Palamedes

196 2079 267 2147 Rex,
292 2079 394 2139 hilaris
417 2086 520 2155 surgat
541 2086 570 2138 et
593 2078 728 2138 diadema
752 2079 839 2139 ierat.

153 2162 231 2232 Quid
254 2161 356 2231 refert,
380 2164 446 2240 quis
468 2178 560 2239 regna
584 2169 667 2239 regat
689 2180 769 2222 nuno
791 2163 943 2241 temporis,
968 2163 1067 2223 hostes

196 2246 270 2307 lium
295 2248 382 2307 modo
406 2246 602 2307 succumbant
625 2255 653 2305 et
675 2247 786 2325 probra
809 2244 866 2307 lata
889 2246 982 2309 luant.
1072 2256 1126 2306 640

153 2331 195 2398 lle
217 2349 312 2408 regno
333 2349 395 2411 ¹non
419 2330 573 2401 sollicitor,
597 2348 651 2410 pro
674 2347 745 2408 rege
768 2332 891 2411 Myrene

196 2417 244 2476 Me
267 2418 400 2496 speciosa
422 2416 499 2494 polis
522 2423 551 2475 et
573 2416 701 2494 spatiosa
724 2422 813 2475 tenet.

152 2500 260 2560 Dioatis
282 2518 433 2578 proceres,
457 2499 555 2578 placet
577 2506 610 2558 ut
632 2503 672 2560 sit
693 2516 745 2559 rex
770 2493 953 2568 Palamedes,

195 2584 311 2660 Regnet
334 2585 369 2644 de
393 2584 524 2644 [laneum
548 2584 644 2661 deque
666 2583 766 2643 lavore
788 2583 906 2643 dueum.

154 2668 289 2745 Dumque
313 2670 344 2727 fit
368 2687 383 2726 a
406 2667 526 2746 populo,
551 2667 652 2746 placet
668 2668 741 2728 haec
756 2668 896 2747 prolatio,
921 2663 1047 2744 clamor3
1070 2674 1124 2722 645

197 2751 389 2830 Naupliadem
414 2751 536 2812 decorat
558 2753 720 2830 imperialis
741 2752 847 2812 honor.

152 2971 210 3021 ott.
227 2985 336 3035 mergo:
357 2968 405 3020 Sol
425 2973 453 3020 et
471 2970 562 3024 Luna.
580 2971 684 3026 oonser.
701 2969 752 3033 ΙΠ,
773 2972 829 3022 179.

304 3039 412 3087 Lunam
430 3038 561 3100 consiliis,
580 3038 665 3089 solem
684 3038 867 3089 consumimus
886 3038 969 3087 armis

153 3105 210 3154 623.
230 3104 299 3157 Hor.
316 3106 407 3171 Epist.
426 3104 450 3167 1,
470 3107 511 3168 12,
531 3106 546 3154 5
565 3120 604 3170 sq,

238 3171 268 3220 Si
286 3174 376 3223 ventri
393 3173 473 3234 bene,
493 3175 516 3223 si
534 3172 616 3222 lateri
635 3177 687 3234 est,
705 3173 875 3237 pedibusque
894 3172 959 3234 tuis,
978 3169 1017 3220 nil

236 3240 361 3290 Divitiae
380 3245 510 3305 poterunt
526 3240 632 3304 regales
651 3238 750 3291 addere
768 3239 870 3303 majus.

151 3309 209 3361 635.
229 3308 281 3359 Or.
299 3322 331 3356 ex
350 3309 430 3359 Pont.
449 3307 501 3369 111,
520 3309 544 3369 4,
564 3310 604 3359 te.
673 3308 731 3360 636.
751 3307 818 3361 ibid.
836 3309 879 3358 82.

315 3375 352 3425 Et
370 3374 481 3440 placeat
500 3390 582 3426 caeso
600 3390 656 3425 non
673 3376 762 3427 minus
780 3390 853 3440 agna
872 3374 951 3428 bove.

151 3443 209 3492 646.
227 3443 333 3507 Margo.
352 3442 514 3493 Palamedes
532 3441 563 3492 fit
581 3457 637 3492 rex.
