2378 3810
124 156 185 219 100
346 146 408 209 nro.
426 158 477 208 111.
512 175 538 208 v.
557 158 701 214 ecc-ore.
737 159 802 209 uio.
820 160 867 211 Ν.

40 372 49 389 ,
122 309 297 371 Transvolat
318 308 400 370 illius
422 328 476 389 per
500 307 573 370 colla
596 312 702 388 sagitta
724 308 847 372 trabalis

165 396 250 456 Missa
275 413 364 455 manu
387 392 514 454 Paridis.
561 393 665 455 Exitus
688 396 744 455 iste
768 395 866 456 ducis!
917 408 918 411 ’

121 479 196 550 Quid
221 485 379 559 penetrare
398 478 480 558 juvat
502 477 621 538 sublimi
643 477 721 539 celsa
744 479 862 540 volatu?

164 563 220 634 Oui
243 563 361 631 cecidit,
385 562 482 623 stabili
505 581 566 623 non
589 571 655 623 erat
675 563 725 623 ille
746 563 850 642 gradu.

121 651 240 711 Corruit
261 649 311 709 bic
333 650 451 717 misere,
476 645 588 725 plaudit
610 646 738 725 Trojana
759 647 908 726 juventus,

162 734 283 794 Hostica
307 740 389 810 terga
413 735 532 811 premit,
556 732 668 793 Graeca
692 742 808 794 caterva
832 734 916 814 lugit.

120 819 213 879 Troes
235 819 403 896 impingunt
425 819 455 876 in
478 825 584 886 castra,
608 816 698 877 lerire
719 818 870 896 Pelasgos,

163 901 284 963 Solvere
308 903 447 982 captivos,
473 903 541 979 igne
565 919 700 961 cremare
721 910 811 962 rates.

122 989 260 1049 Occurrit
282 985 444 1046 Telamone
467 993 557 1052 satus,
582 985 716 1046 delendit
737 983 874 1057 Achivos,
933 1057 936 1062 k

163 1073 264 1149 Pugna
287 1072 319 1130 fit
340 1069 462 1148 grandis
484 1072 513 1129 in
537 1073 663 1130 statione
686 1072 786 1131 maris.

36 1152 38 1156 ⁴
120 1157 257 1217 Attamen
281 1159 311 1215 in
335 1163 431 1217 castra
453 1156 657 1234 reprimuntur
679 1157 807 1232 turpiter
829 1157 911 1236 Argi,
1038 1168 1088 1217 865

163 1242 277 1301 Sufficit
299 1244 462 1300 introrsum
487 1238 640 1300 delituisse
662 1238 729 1299 sibi.

247 1403 383 1457 GRAECI
400 1402 521 1456 FLENT
539 1402 588 1455 DE
608 1401 719 1457 OBITU
736 1402 957 1459 PALAMEDIS.

119 1511 253 1571 Conticet
276 1508 311 1568 ad
336 1506 409 1569 tales
433 1515 556 1569 eventus
578 1508 672 1568 Aeaea
696 1510 806 1586 proles,

162 1592 250 1672 Cujus
272 1595 454 1654 inaestuerat
474 1595 579 1654 intima
603 1593 704 1654 cordis
727 1612 819 1654 amor.

76 1733 78 1740 .
117 1679 182 1739 Nox
205 1678 302 1739 lucem
327 1677 444 1746 claudit,
468 1679 516 1737 vix
539 1677 682 1738 claudunt
703 1677 800 1739 sidera
825 1677 946 1748 bellum,

160 1762 234 1823 Belli
255 1781 304 1823 res
327 1766 440 1842 poterit
462 1762 601 1823 claudere
624 1761 706 1823 nulla
729 1764 816 1826 sitim.

118 1847 234 1908 Dellent
257 1846 430 1926 belligerum
453 1847 574 1927 Phrygii
598 1846 780 1926 Sarpedona,
805 1846 916 1908 delient

160 1931 362 2012 Deiphobum
380 1932 504 2011 plangor
526 1951 584 1993 nou
609 1932 697 1994 babet
719 1931 769 1991 ille
791 1931 923 1992 modum.

119 2016 167 2076 Sic
191 2027 219 2075 et
240 2017 349 2077 Acbiva
372 2017 477 2077 domus
501 2017 552 2077 llet
574 2015 612 2076 ob
635 2017 747 2076 obitum
770 2016 947 2088 Palamedis

160 2099 292 2161 Turbida
315 2119 370 2178 pro
393 2100 489 2161 subita
512 2100 686 2179 perditione
703 2100 797 2161 ducis.

118 2184 331 2245 Lamentantur
352 2186 407 2255 ita;
432 2187 476 2244 vir
498 2185 737 2246 servantissimus
759 2186 848 2263 aequi

159 2270 221 2339 Vir,
246 2287 334 2347 quem
357 2269 504 2346 condigne
526 2268 668 2348 plangere
692 2288 780 2330 nemo
803 2277 909 2350 potest,

117 2354 229 2424 Audax,
254 2355 411 2422 discretus,
435 2352 509 2415 nulli
531 2356 641 2431 pietate
665 2355 814 2415 secundus

161 2437 283 2508 Occidit,
308 2441 438 2499 occisum
463 2438 588 2499 Graecia
611 2437 726 2516 plangit
748 2438 865 2499 berum,

437 2641 548 2701 creua
573 2610 758 2732 oulnrus'.

247 2769 438 2825 INCIPIUNT
457 2770 640 2825 CAPITULA
660 2769 798 2836 QUARTI
814 2770 921 2825 LIBRI.
929 2775 953 2840 ⁸)

116 2879 170 2939 Hic
193 2877 300 2936 iterum
324 2884 431 2955 regnat
453 2879 664 2956 Agamemnon.
711 2862 812 2936 Castra
835 2878 986 2954 sugantur.

78 3011 90 3020 i
116 2962 240 3023 Bisseno
263 2969 320 3023 stat
341 2980 440 3041 pugna
464 2962 521 3031 die,
544 2979 602 3039 pax
625 2979 727 3022 mense
751 2959 882 3040 duplato.

183 3131 239 3185 863,
259 3145 366 3195 margo:
386 3128 468 3193 Ajax.
537 3130 595 3184 865.
614 3130 681 3194 Argi
700 3145 748 3194 pro
768 3131 837 3178 armi
855 3131 960 3182 codicis
980 3148 994 3182 e
1013 3149 1086 3183 mer-

117 3199 190 3261 gine.
243 3199 301 3249 867.
319 3213 366 3262 pro
385 3197 443 3247 cod.
463 3197 596 3250 continet.
616 3197 758 3252 adventus.
771 3225 804 3232 -
816 3199 849 3248 In
863 3200 988 3264 margine
1000 3206 1085 3252 nota:

115 3267 225 3315 Aeacus
244 3266 340 3328 genuit
356 3261 479 3328 Peleum,
498 3264 601 3314 Peleus
619 3264 761 3314 Achillem.

183 3331 209 3398 *l
230 3332 322 3382 Codex
341 3338 448 3383 tantum
466 3331 549 3383 habet
567 3333 596 3381 in
614 3334 754 3397 margine:
775 3333 901 3398 capitula
914 3335 1007 3399 quarti
1019 3334 1086 3386 libri

117 3403 168 3463 „et
185 3407 248 3465 post
262 3405 465 3466 argumentum:
486 3407 600 3465 quartus
612 3400 708 3451 liber“.
736 3400 919 3452 Instruximus
932 3407 963 3452 ut
975 3402 1084 3454 inveni-

104 3481 171 3516 mus
181 3468 260 3531 apud
266 3470 379 3533 priores
391 3469 487 3523 libros.
518 3467 693 3534 Negligentia
705 3468 861 3519 rubricator
874 3485 889 3520 e
902 3471 990 3535 primo
1004 3486 1087 3559 versp
