2378 3810
158 162 200 225 66
448 162 536 215 'Lau
554 164 590 216 11.
625 178 652 219 v.
671 165 814 216 rra-soe.

331 375 335 383 ’
391 360 539 416 HECTOR
556 360 697 416 Andura
715 359 893 421 PARIDEM.

159 499 261 559 'siloni
284 517 422 560 croceum
445 498 584 578 linquens
605 503 719 561 Aurora
742 498 843 560 cubile
1078 514 1130 563 770

200 584 280 646 Luce
303 583 509 662 smaragdinea
532 583 701 644 laetificavit
723 582 856 645 humum.

158 669 270 729 Hector
292 676 321 728 et
342 672 457 728 Aeneas
479 667 654 746 procedunt,
678 666 723 726 ala
746 665 893 737 Quiritum

201 752 408 831 Subsequitur,
431 753 566 830 sequitur
587 759 649 811 tota
668 748 789 828 juventa
813 751 973 830 Phrygum.

158 836 285 896 Pulcher
307 835 474 896 Alexander
498 837 587 896 etiam
609 837 781 912 capitaneus
803 844 879 896 astat

203 920 295 999 liujus
316 921 413 998 imago
436 918 506 979 mali
529 929 611 980 certa
632 921 718 978 ruina
740 917 829 990 boni;
1076 933 1129 982 780

158 1003 247 1082 liujus
269 1012 315 1064 tot
336 1022 495 1083 procerum
520 1003 666 1063 transfixit
688 1000 764 1062 colla
785 1002 886 1064 libido.

199 1088 256 1148 Tot
277 1089 364 1158 mala,
388 1096 433 1150 tot
456 1098 568 1148 mortes
591 1087 664 1147 lecit
684 1087 804 1164 iniquus
826 1105 919 1148 amor.

157 1173 197 1233 0!
220 1175 344 1242 utinam,
368 1184 440 1234 tune
463 1190 530 1232 cum
553 1170 776 1233 Lacedaemona
799 1173 893 1232 classe
916 1171 1047 1250 petebat,

201 1257 331 1317 Obrutus
353 1258 466 1318 insanis
488 1256 538 1316 ille
561 1256 667 1315 luisset
688 1257 784 1331 aquis.

158 1343 244 1402 Esset
266 1339 412 1401 adulterio
435 1339 588 1417 praeclara
611 1341 714 1399 nociva
737 1338 830 1399 libido
1067 1351 1124 1400 '185

198 1425 411 1500 Mansissetque
435 1424 497 1482 viro
520 1422 648 1483 foemina
670 1422 728 1482 fida
751 1442 814 1492 suo,

156 1508 217 1568 Nec
240 1508 455 1569 successissent
476 1505 633 1567 homicidia
656 1515 746 1574 tanta,
771 1522 829 1566 nec
848 1506 931 1568 orbis

199 1592 251 1652 llis
274 1593 352 1652 soret
373 1591 499 1651 alllictus
521 1591 625 1652 Martis
647 1609 749 1650 amore
772 1591 855 1659 mali;

158 1676 215 1736 Sed
240 1695 295 1738 nec
317 1678 348 1735 in
371 1677 495 1736 historia
518 1673 646 1753 Trojano
669 1683 714 1733 tot
735 1674 865 1736 vitiasset

197 1760 285 1821 Nullo
307 1759 442 1839 subjecto
465 1758 566 1820 sabula
588 1756 661 1820 lulta
683 1757 788 1818 libros.
1069 1769 1121 1818 teu

156 1845 232 1906 Urbs
253 1845 397 1925 populosa
421 1854 519 1905 tamen
542 1843 632 1903 hodie
653 1844 780 1903 sortasse
801 1853 944 1912 maneret,

195 1929 369 2009 Praecepto,
393 1929 523 1990 Priame!
546 1928 572 1988 si
593 1929 672 1988 loret
692 1943 747 1987 usa
770 1936 830 1988 tuo.

155 2013 325 2074 Occurrunt
347 2013 449 2080 Danai,
472 2009 623 2071 Menelaus
645 2013 676 2071 in
701 2013 819 2090 agmine
840 2012 956 2090 primus
1019 2060 1031 2071 ,
1110 2016 1114 2023 ’

196 2097 369 2156 lustauraus
392 2098 473 2157 acies
495 2094 573 2154 bella
595 2095 739 2155 movenda
762 2102 871 2154 monet.

152 2181 252 2241 Fortis
275 2188 303 2239 et
326 2197 394 2240 acer
418 2188 492 2252 erat,
514 2179 629 2239 variare
651 2177 780 2239 labantia
803 2179 894 2239 corda
1069 2187 1119 2236 705

196 2263 335 2334 Noverat,
358 2263 437 2325 baud
460 2263 577 2341 lugiens
600 2263 711 2322 boetica
732 2271 816 2339 terga
838 2264 932 2340 lugat.

154 2349 288 2410 Rivalem
310 2350 461 2429 patienter
483 2346 582 2417 babet,
606 2364 699 2426 prope
722 2347 849 2425 denique
871 2344 982 2422 stabat3

196 2434 261 2494 Nou
284 2431 362 2503 livet,
387 2431 512 2501 mordet,
535 2430 647 2492 lumina
670 2441 752 2491 torva
776 2439 869 2491 tenet.

151 2519 194 2576 Ad
219 2519 316 2578 socios
339 2515 483 2577 vibrando
506 2523 596 2593 caput
618 2533 650 2575 se
672 2517 759 2577 vertit
780 2514 899 2584 acerbe,

194 2601 356 2680 Tamquam
380 2600 416 2662 de
438 2607 522 2678 rapta
546 2597 672 2677 conjuge
697 2598 784 2658 rerba
809 2598 902 2659 daret
1065 2606 1119 2656 800

153 2687 295 2745 Conscius
317 2686 381 2762 ipse
403 2682 460 2744 sibi
483 2683 519 2743 de
542 2702 574 2744 se
596 2689 681 2762 putat
703 2685 801 2742 omnia
824 2681 883 2742 dici

177 2768 230 2827 ,Εο
254 2767 330 2846 pede
353 2767 530 2846 retrogrado
552 2769 638 2845 lingit
660 2767 745 2828 abire
766 2768 861 2846 quasi.

165 2940 170 2944 .
190 2937 352 2945 ——·——-

219 3038 277 3086 770.
305 3041 348 3086 est
378 3035 452 3100 virg.
482 3035 550 3085 Aen.
570 3035 619 3097 IV,
638 3036 697 3088 58⁵.
723 3035 775 3092 IX,
796 3035 857 3089 teu.
881 3033 981 3097 Georg.
1005 3034 1031 3083 t.
1056 3035 1117 3083 447.

151 3104 209 3153 776.
230 3101 342 3167 Marg'o:
360 3103 458 3166 Pugna
471 3101 581 3165 ¹quintu.
617 3103 649 3150 In
672 3117 725 3165 qua
742 3101 886 3152 Menelaus
904 3104 932 3150 el
950 3099 1117 3162 Alexander,

150 3171 198 3234 qui
217 3169 308 3220 dictus
328 3175 371 3219 est
388 3168 482 3229 Paris,
505 3168 719 3232 congrediuntur
737 3175 766 3219 et
783 3167 929 3218 Menelaus
946 3166 1116 3220 vulneretur.

149 3239 208 3289 783.
227 3239 267 3288 84.
296 3236 389 3286 Ovidii
415 3234 529 3285 Heroid.
553 3235 577 3296 1,
595 3236 620 3296 5,
637 3237 662 3285 6.
693 3235 739 3286 ubi
767 3242 874 3286 tamem
906 3240 981 3286 esset
1007 3233 1117 3285 adulter

150 3305 240 3370 aquis.
327 3304 384 3355 786.
418 3302 585 3365 viroviro,
614 3317 664 3353 nos
690 3304 750 3354 viro
773 3318 832 3356 suo.
919 3304 977 3355 788.
1013 3316 1115 3353 amero.

149 3376 207 3425 792.
232 3375 343 3436 Margo:
366 3371 547 3434 Praeceptum
565 3369 667 3420 Priami
686 3371 741 3420 fuit
758 3376 789 3420 ut
807 3369 955 3421 traditores
973 3370 1052 3422 urbis
1070 3385 1117 3421 oo·

147 3439 316 3490 ciderentur.
367 3440 425 3488 794.
439 3436 498 3492 cod.
517 3436 659 3491 monenda.
711 3439 771 3489 eut.
791 3436 888 3488 Calon.
907 3436 1116 3500 uiaticum.
