2378 3810
436 147 499 198 Lib.
517 146 564 198 IV.
595 164 621 199 tr.
640 149 783 200 tre-550.
901 142 903 147 ’
1024 145 1087 208 119

115 300 194 370 uoto
212 299 451 378 perfecerimus?
474 298 581 378 quibus
605 307 755 361 ostentare
778 297 919 368 valemus,
1029 308 1079 357 525

159 385 191 445 Si
214 382 312 443 verbis
336 400 412 461 opus
436 391 479 442 est
503 384 602 452 edere,
627 392 715 462 turpe
738 381 829 460 loqui.

114 469 229 539 Quidve
253 467 372 527 domum
396 468 519 526 ierimus
542 466 656 527 decimo
680 470 739 528 nisi
764 466 893 527 dedecus
916 467 1012 527 annot

158 553 256 615 Occisi
282 553 370 620 cives,
394 554 539 611 interiere
562 551 662 612 duces.

113 635 205 714 Troja
228 643 286 696 stat
309 643 338 696 et
359 642 478 695 nostros
501 635 665 707 subsannat
688 636 766 697 laeta
790 634 919 701 labores,

158 720 237 780 Vivit
260 719 365 787 adhue,
390 718 501 780 Helena
526 738 585 779 non
608 721 763 787 redeunte,
787 718 882 779 Paris.
1033 728 1084 777 530

114 807 199 866 Etsi
223 821 276 863 nos
298 802 347 863 itta
370 804 502 864 nondum
526 803 673 864 redeunte
696 804 841 870 redimus,
909 831 913 834 ·
954 839 958 846 =

158 886 329 950 Claudimus
352 896 472 949 aeterno
496 887 607 966 proelia
630 886 718 966 ionga
741 886 864 967 probro.

116 973 199 1034 Unde
222 971 330 1032 decere
353 989 431 1040 reor,
455 981 488 1032 ut
510 972 606 1033 adbuc
628 973 770 1034 sudemus
791 973 821 1031 in
846 971 947 1039 armis,

158 1057 232 1116 Cras
255 1063 395 1134 poterunt
417 1056 483 1115 fieri
506 1065 571 1117 vota
594 1060 746 1135 precantis
769 1056 844 1116 heri.

114 1135 253 1200 Forsitan
275 1140 313 1199 ad
335 1138 451 1198 Danaos
474 1139 562 1200 faciet
584 1139 702 1202 fortuna
725 1138 871 1210 volatum;
954 1213 955 1216 Ἴ

158 1224 308 1283 Fortunae
331 1225 426 1282 series
449 1231 493 1282 est
516 1227 631 1284 variare
654 1227 747 1294 vioes;

114 1309 264 1368 Fortunae
289 1323 346 1366 non
369 1314 448 1366 stare
471 1314 574 1377 statua,
599 1308 757 1376 deludere:
783 1307 869 1368 ludus

157 1393 190 1452 in
215 1393 278 1451 risu
301 1391 407 1468 plorat,
433 1391 490 1452 alta
513 1393 642 1470 petendo
666 1392 755 1454 tabat.

113 1476 176 1536 Hoc
199 1476 318 1534 tirmum
341 1484 438 1534 servat
460 1476 540 1555 quod
563 1493 713 1556 nunquam
736 1478 831 1542 firma,
856 1475 943 1538 fidele
962 1539 966 1547 .

156 1560 219 1620 Hoc
241 1560 337 1619 solum
359 1560 478 1628 retinet,
502 1560 580 1638 quod
604 1570 686 1621 caret
708 1559 760 1621 iila
783 1561 857 1630 fido;

113 1646 176 1706 Hoc
200 1642 262 1704 soto
285 1660 373 1702 verax
398 1644 477 1720 quod
500 1662 619 1722 semper
642 1642 714 1704 falsa
738 1643 892 1722 probatur,

71 1767 73 1772 -
155 1729 218 1787 Hoo
242 1726 305 1787 solo
328 1724 445 1787 stabilis
468 1728 546 1803 quod
571 1736 669 1787 manet
691 1728 803 1807 absque
826 1736 916 1789 stata.

113 1812 164 1873 ttta
188 1829 272 1872 suam
296 1810 438 1870 volvendo
461 1817 567 1880 rotam,
591 1812 724 1871 fortassis
747 1810 886 1873 Achivam

156 1897 285 1956 Introitu
307 1903 392 1971 grato
414 1892 475 1954 ruit
498 1901 657 1973 penetrare
681 1897 811 1956 domum.

109 1981 145 2040 si
168 1980 285 2038 fortuna
308 1978 397 2047 volet,
421 1980 451 2038 in
475 1996 612 2058 eampum
635 1979 724 2058 Troja
747 1980 867 2054 redibit,

156 2063 246 2142 Cujus
268 2061 445 2140 nubigerum
468 2081 547 2124 nuno
569 2074 659 2142 eaput
681 2072 759 2125 astra
782 2066 903 2142 premit.

115 2144 151 2208 tt
173 2148 270 2207 divina
293 2145 374 2225 juvat
396 2146 513 2209 oraeuia
537 2167 692 2227 quaerere,
716 2150 853 2226 quisnam

155 2233 301 2308 sincipitis
323 2230 393 2292 belii
415 2234 562 2292 terminus
586 2251 651 2294 esse
675 2232 753 2294 velit.

112 2315 322 2394 Respondetur
345 2317 396 2384 eis,
422 2314 500 2392 quod
525 2319 698 2395 progeniem
723 2333 778 2394 per
799 2315 921 2376 tenutis

155 2399 266 2461 Debeat
289 2398 324 2458 ad
348 2399 436 2460 tinem
461 2398 583 2459 bellicus
605 2401 650 2458 ire
673 2408 776 2459 status.

112 2551 315 2559 ———-—-

181 2649 358 2700 ettennon.
376 2648 470 2713 Epigr.
490 2650 547 2710 143,
569 2651 593 2699 1.
663 2673 666 2678 ·

214 2718 367 2766 Fortunam
384 2731 522 2780 nunquam
540 2717 614 2767 sistit
631 2716 659 2765 in
679 2713 773 2767 eodem
792 2720 876 2768 stetu.

216 2783 329 2847 Semper
346 2788 481 2834 moretur:
500 2784 593 2834 variat
612 2789 640 2833 st
657 2788 746 2834 mutat
763 2785 846 2842 virsa,

214 2850 251 2899 Et
269 2865 373 2901 summa
392 2851 421 2899 in
440 2853 522 2900 imum
539 2851 624 2903 vertit
643 2858 774 2903 ao'versa
792 2852 880 2916 erigit.

109 2939 162 2988 540
181 2949 241 2999 sqq
261 2928 365 2983 Similis
382 2933 459 2984 loeus
479 2934 530 2984 Or.
550 2935 633 2986 Trist
651 2935 682 2993 V,
701 2938 725 2993 8,
746 2936 777 2985 15
796 2949 856 2998 sqq.

212 3000 346 3051 Passibus
364 3002 499 3065 ambiguis
519 3003 644 3053 Fortuna
662 3003 792 3054 volubilis
811 3006 887 3051 errat

214 3070 282 3185 ni
287 3068 900 3198 ..tetttt.¹¹ttttttttttt²tttttte.
909 3135 1031 3197 ...rata

246 3203 282 3254 Et
300 3207 408 3252 tantum
429 3206 585 3254 constans
578 3220 606 3254 m
624 3205 739 3256 levitate
759 3218 809 3254 sua
829 3208 882 3258 est

109 3286 569 3350 543.Amm.ttaroellin.xxx1,
590 3292 612 3337 1
631 3273 771 3339 Fortunae
791 3286 911 3338 volueris
930 3291 1004 3349 rota,
1028 3285 1078 3336 ad·

108 3370 188 3406 versa
204 3356 346 3420 prosperis
365 3369 467 3420 semper
486 3325 636 3410 alterbans.
