2378 3810
162 157 223 222 126
468 160 531 210 Lib.
547 160 591 213 IV.
617 175 641 214 r.
660 161 803 211 ‘tao-755.

161 316 217 376 Sed
244 333 303 375 non
326 315 445 375 invideo
468 332 554 375 suras
576 312 620 373 ibi
642 329 733 374 carne
757 311 890 383 decorae,

204 400 253 460 Sic
279 407 376 460 tamon
400 399 524 476 attingat
546 415 584 458 ne
607 398 704 475 pudor
726 395 776 456 ille
800 395 901 476 pedes.

161 486 262 545 lnfima
284 485 468 544 demonstrat
491 483 565 543 tales
587 480 641 542 tibi
663 481 734 541 tibia
758 478 843 556 talos
1077 494 1128 543 725

204 569 242 630 Ut
264 568 340 629 bene
363 569 520 645 congeries
542 584 627 627 ossea
650 565 740 626 nodet
764 581 824 626 eos.

161 653 314 714 Exornant
336 650 427 712 nitida
451 649 542 712 simili
565 650 739 729 compagine
762 665 860 718 crura,

205 739 241 798 Et
263 737 349 815 quasi
370 739 430 796 sint
452 753 574 795 crurum
598 735 830 812 confugiumque
852 732 971 811 pedum.

59 884 62 891 ,
161 821 218 882 Pes
240 820 338 882 brevis
361 829 390 880 et
412 821 524 888 niveus,
548 837 636 880 cavus
658 821 747 888 intra,
772 818 824 878 sed
846 824 926 878 teres
948 827 1031 879 extra

204 907 316 984 Exiguo
340 905 421 966 calce
445 903 538 965 calcat
562 910 591 963 et
614 921 679 963 osse
702 901 808 963 solum.
1077 912 1131 963 730

164 991 196 1051 ln
220 989 347 1069 pedibus
369 988 492 1066 pedicae
514 1005 611 1065 neque
634 997 734 1048 rectae
757 988 816 1048 siut
837 1004 936 1066 neque
959 995 1053 1048 tortae

203 1074 268 1135 Non
291 1074 349 1134 hoc
370 1091 431 1133 nou
454 1072 532 1133 istud
555 1075 633 1133 inter
655 1080 816 1151 utrumque
839 1074 922 1131 sitae.

161 1159 262 1220 Pollex
286 1158 398 1219 directe
420 1157 617 1236 protenditur,
640 1157 732 1218 altera
756 1157 853 1234 primo

171 1228 174 1250 ⁶
207 1243 302 1304 Altior
324 1250 356 1303 ut
378 1242 472 1302 series
494 1260 510 1302 a
533 1241 609 1320 pede
631 1241 739 1302 deinde
763 1242 870 1301 minor.

160 1327 222 1388 Nec
232 1320 372 1405 'pedicam
388 1327 492 1404 pedica
508 1329 592 1402 qnasi
614 1335 727 1405 spectat
741 1325 875 1405 plantare
890 1324 1031 1405 plantam,
1076 1337 1129 1388 735

205 1412 262 1471 Sed
285 1428 340 1490 pes
363 1410 476 1470 directe
498 1428 566 1470 cum
589 1412 664 1488 pede
686 1417 783 1471 servat
805 1413 874 1471 iter.

161 1495 217 1556 Pes
241 1495 338 1555 brevis
359 1496 391 1554 in
412 1497 497 1555 nivea
519 1493 644 1574 pulchre
667 1495 780 1557 celatur
803 1495 892 1574 aluta,

203 1580 264 1640 Nec
286 1596 377 1657 vagus
398 1580 429 1639 ln
451 1577 517 1640 laxa
540 1598 593 1658 pes
614 1579 654 1639 ibi
677 1579 754 1658 pelle
776 1588 867 1641 natat.

160 1664 292 1740 Reginae
315 1680 423 1740 corpus
445 1665 469 1724 si
493 1664 560 1725 talis
583 1668 680 1741 imago
703 1672 847 1733 venustat,

204 1747 314 1808 Nescio
337 1750 402 1827 quis
425 1752 528 1825 specie
550 1748 699 1810 nobiliore
721 1749 810 1809 cluat.
1075 1759 1132 1810 740

163 1831 249 1894 Cultu
272 1832 367 1893 forma
389 1833 474 1902 nitet,
497 1833 553 1893 hac
575 1835 685 1894 femina
709 1833 776 1893 dote
800 1830 944 1912 superbit,

205 1916 277 1986 Quis
299 1915 425 1986 dubitat,
450 1916 546 1978 cultus
569 1920 619 1996 qui
641 1918 679 1979 sit
702 1919 817 1996 opimus
839 1916 885 1976 ei?

162 2000 319 2062 Candescit
340 2000 428 2079 bysso
452 2011 518 2078 toga
542 2004 626 2063 carni
648 2005 791 2081 proxima,
815 2000 953 2063 blandam

205 2085 248 2144 lle
270 2086 372 2145 forsan
394 2083 514 2146 laedant
535 2086 583 2146 fila
605 2094 743 2164 proterva
766 2095 874 2147 cutem.

161 2168 337 2244 Stringitur,
359 2175 393 2229 ut
415 2187 560 2230 mammae
583 2174 766 2249 constringat
788 2169 879 2231 fascia
901 2168 1010 2230 fascem
1075 2181 1130 2234 tto

203 2252 345 2313 Accendit
367 2253 489 2314 Veneris
512 2272 636 2332 surgere
659 2257 717 2314 risa
741 2255 847 2315 facem.

160 2337 292 2398 Turbida
316 2354 400 2397 mens
422 2340 545 2414 geritur,
570 2338 621 2399 ubi
644 2339 761 2417 turgida
784 2355 912 2399 mamma
933 2337 1059 2410 videtur,

202 2423 316 2482 Rosea
340 2423 372 2482 fit
394 2422 476 2482 cordi
500 2424 607 2484 nuncia
629 2441 717 2500 saepe
740 2423 819 2484 mali.

160 2505 298 2585 Purpura
321 2505 370 2565 dat
392 2509 512 2569 tunicae
535 2526 594 2585 quo
618 2511 830 2568 convenienter
853 2506 950 2567 euntis

204 2591 303 2667 Longo
327 2608 381 2669 per
404 2589 517 2668 plateas
538 2604 667 2670 syrmate
690 2590 794 2652 lambit
816 2591 947 2651 humum.
1075 2603 1131 2654 750

97 2700 103 2708 ’
161 2674 298 2752 Disputat
320 2674 367 2732 bic
389 2673 456 2735 lana
478 2693 544 2735 cum
569 2675 633 2736 lana
657 2677 771 2737 murice
794 2678 885 2736 tincta

204 2759 309 2820 Utrum
332 2758 497 2819 sit'melior
520 2758 568 2820 ille
590 2761 636 2820 vel
658 2759 707 2820 ille
731 2759 823 2822 color.

162 2841 223 2904 Nec
246 2851 359 2904 tantum
382 2844 493 2903 renitet
514 2842 638 2922 fulgenti
660 2845 775 2904 murice
796 2846 897 2914 vestis,

203 2928 284 2987 Auro
306 2927 442 2988 formatis
465 2925 558 3007 fulget
581 2937 611 2988 et
632 2923 702 3007 ipsa
718 2928 805 2990 rosis.

159 3010 316 3081 Armellus
340 3019 447 3080 castor,
470 3022 594 3083 martur,
618 3012 708 3073 bever
730 3021 820 3092 atque
843 3014 965 3074 saberus
1075 3025 1128 3075 755

227 3181 283 3234 737,
302 3178 381 3232 Orid.
400 3179 432 3229 A.
451 3179 509 3228 Am.
527 3181 579 3244 ΙΙΙ,
597 3183 660 3231 att:

259 3246 310 3297 Pes
328 3248 418 3298 malus
435 3247 465 3296 in
485 3249 567 3299 nivea
585 3263 693 3313 semper
712 3250 818 3300 celetur
835 3249 924 3301 eluto.

158 3315 215 3366 738.
240 3313 320 3368 Ovid.
339 3315 369 3369 Α.
387 3313 447 3370 Am.
466 3315 514 3377 IV,
531 3316 589 3370 516.
659 3317 718 3367 748.
742 3316 808 3371 Cod.
829 3319 958 3371 tunicam.
1029 3318 1128 3371 'lbos

149 3381 282 3496 trpapgine
304 3386 506 3500 ppopurmetc.
529 3399 624 3450 mergo
646 3389 790 3449 praeterea
812 3387 924 3449 praebet
946 3399 1027 3449 syrm.
1052 3387 1129 3450 quod

103 3492 106 3496 ,
179 3463 293 3499 nonies
330 3465 419 3500 rcrnr
437 3464 544 3503 suanso.
