2378 3810
380 139 442 189 urs.
460 139 508 190 iv.
535 153 561 190 v.
579 140 723 189 ear-aas.
973 135 1037 199 1291

70 292 186 354 Cedunt
208 300 237 353 ot
257 291 399 371 juvenum
421 308 481 351 non
504 307 597 368 pauca
621 291 790 368 lrcquentia'
809 306 919 357 secum,

113 375 261 439 Mentibus
283 384 312 436 et
334 373 478 436 membris
500 376 549 454 qui
573 376 695 452 viguere
717 376 795 437 satis.

71 461 277 542 Cappadocum
300 469 405 538 gentes
427 460 538 521 adeunt
561 468 589 517 ot
612 460 727 518 moenia
749 457 845 527 Ponti,

85 619 86 623 Ἰ
116 546 236 608 Insidiis
259 547 348 605 cincti
373 543 424 604 sed
448 545 638 622 perimuntur
660 543 712 602 ibi.

50 656 54 664 ·
72 633 159 694 Venit
181 629 217 689 ad
240 646 350 690 uxores
371 628 491 688 illorum
515 627 552 687 de
575 644 648 687 nece
670 644 781 694 rumor,
985 634 1034 681 aaa

113 716 149 776 Et
171 715 320 775 succrevit
342 715 385 772 eis
408 728 476 772 cum
499 711 617 771 leuitate
640 712 734 774 luror.

70 801 237 861 Vindictam
260 797 392 875 propriis
413 795 573 856 intendunt
592 795 717 856 tendere
739 794 853 854 destris

117 883 158 945 Et·
176 898 236 941 non
258 884 371 959 ignavis
393 880 544 940 mentibus
566 897 648 940 arma
671 882 761 940 cient.

72 966 166 1045 Hujus
188 967 333 1044 propositi
356 967 395 1025 sit
417 973 451 1024 ut
473 961 610 1024 omnibus
635 982 692 1024 una
715 964 860 1030 voluutas,

113 1052 292 1112 laterimunt
314 1067 426 1118 omnes,
450 1066 525 1127 quos
547 1046 690 1116 habuere,
715 1049 802 1106 viros.
985 1053 1036 1104 830

72 1133 212 1202 Exilium,
238 1141 267 1192 cl
288 1131 325 1193 ab
348 1132 395 1195 his
417 1132 514 1193 Asiam
537 1133 570 1193 lit
591 1149 690 1211 pugna
713 1147 767 1210 per
789 1147 916 1198 omnem,

118 1219 264 1297 Incipiunt
287 1216 357 1278 belli
380 1219 579 1297 prosperitate
600 1217 670 1276 lrui.

66 1304 109 1364 -Et
131 1301 330 1362 comitabatur
353 1303 474 1362 victoria
496 1318 616 1381 semper
637 1299 755 1360 easdem

117 1387 273 1466 Oppositos
297 1394 424 1455 terrens,
447 1394 562 1465 promta
586 1384 728 1463 trophaea
751 1384 863 1444 loreas.

74 1469 367 1541 Quaelibetillarum
388 1470 448 1549 jam
471 1489 544 1549 pace
566 1487 621 1548 por
644 1487 726 1531 arma
749 1484 868 1529 reversa
985 1473 1035 1524 835

115 1556 261 1633 disponit,
283 1556 398 1615 luerint
420 1573 495 1634 quae
519 1552 658 1627 iacienda·
676 1553 765 1613 domi.

74 1639 105 1699 Si
128 1657 216 1718 quam
240 1637 375 1705 delectat,
399 1640 491 1698 immo
513 1637 641 1698 delectat
662 1634 798 1697 habenda

115 1723 249 1784 Gaudeat
271 1728 303 1782 ut
325 1720 419 1800 prole,
443 1729 539 1781 mater
561 1727 591 1781 et
613 1737 678 1781 osso
700 1717 779 1786 velit,

74 1806 222 1867 illustrem
245 1814 331 1866 vocat
352 1803 403 1865 illa
425 1805 536 1877 virum3
560 1805 604 1864 vir
627 1810 742 1864 amatur
764 1810 799 1864 ut
820 1802 938 1880 hospes,

116 1890 198 1960 Quae
222 1907 312 1968 quum
336 1907 368 1949 se
390 1887 540 1966 gravidam
564 1890 703 1958 senserit,
726 1886 777 1947 ille
799 1884 886 1946 redit.
988 1893 1039 1942 840

74 1975 149 2034 Filia
173 1972 316 2051 diligitur,
340 1975 471 2034 nutritur
493 1972 529 2032 ad
552 1988 644 2042 arma,
667 1972 808 2038 duculum
870 2000 872 2004 Α
906 1988 910 1997 ’

116 2056 208 2118 Filius
230 2059 260 2117 in
284 2059 393 2136 stygias
414 2057 626 2137 praecipitatur
648 2073 750 2135 aquas.

78 2142 235 2202 Cremento
258 2148 357 2202 careat
379 2150 411 2203 ul
433 2142 536 2203 dextra
559 2141 699 2211 mamilla,
723 2147 881 2208 crematur,

118 2227 154 2287 At
176 2234 267 2296 caret,
291 2233 324 2287 ut
345 2225 431 2288 hellis
453 2233 569 2306 promta
592 2228 631 2287 sil
652 2223 701 2287 illa
723 2242 838 2285 manus.

75 2309 187 2370 Nomen
212 2310 340 2370 Amazon
363 2309 466 2378 habes,
491 2311 575 2389 quasi
599 2310 680 2369 dicas
702 2307 816 2388 absque
831 2305 972 2376 mamilla,
988 2316 1039 2364 848

117 2394 141 2452 Α
163 2394 227 2454 sine
249 2401 427 2473 praesentat,
451 2410 639 2472 mammaque
661 2409 764 2452 maaon
788 2392 856 2450 crit.

75 2477 211 2556 llegnum
233 2479 354 2554 reginae
376 2476 525 2556 quondam
548 2493 654 2536 rexere
676 2472 794 2545 duales;

117 2561 154 2620 Et
174 2576 268 2637 regno
290 2561 388 2620 luerat
410 2560 523 2620 inditus
544 2560 602 2619 iste
625 2567 734 2620 status:

75 2646 139 2706 Una
163 2644 242 2703 domi
265 2644 379 2722 patriae
401 2651 499 2705 custos
520 2645 586 2713 luit,
610 2642 702 2705 altera
724 2661 795 2702 vero

118 2729 175 2788 Pro
198 2730 282 2805 regni
302 2729 407 2806 spatiis
430 2727 532 2790 extulit
553 2745 634 2788 arma
656 2729 745 2789 foras.
988 2736 1039 2785 850

78 2814 139 2873 Una
163 2811 282 2890 quidem
306 2815 402 2873 tenuit
423 2812 578 2892 Marsepia,
602 2812 745 2892 Lampeto
768 2828 877 2872 nomen

119 2896 234 2966 Altera3
258 2895 402 2974 regnabat
422 2896 496 2958 haec
519 2897 601 2965 loris,
624 2895 673 2956 illa
696 2895 786 2956 domi.

77 2980 136 3040 llas
158 2982 237 3040 inter
259 2982 375 3041 virtutis
397 2997 468 3060 opes
489 2981 633 3060 Marsepia
657 2990 784 3041 mortem

119 3063 225 3125 Hostili
247 3062 346 3143 gladio
369 3065 474 3125 lraude
497 3065 621 3126 subacta
642 3061 717 3129 tulit.

78 3146 148 3208 Filia
172 3151 220 3210 cui
244 3149 355 3228 Sinope
377 3150 539 3211 succressit
561 3149 710 3228 dignaque
735 3146 821 3209 laude
871 3179 872 3183 =
990 3154 1040 3203 858

146 3348 203 3399 847.
228 3349 296 3400 Cod.
319 3350 421 3415 reginis
440 3348 555 3400 duabus.
659 3350 718 3400 851.
736 3336 777 3399 53.
807 3346 887 3412 Apud
913 3342 1064 3398 Orosium'

78 3430 176 3465 nomen
192 3416 333 3482 Marpesia
352 3422 443 3469 sonat.

128 3503 220 3546 Troilus.
829 3500 850 3548 io
