2378 3810
151 153 194 218 34
473 153 532 207 uto.
551 155 574 204 1.
611 171 636 202 v.
655 154 798 206 ove-voe.

195 307 277 379 Quae
300 309 389 367 nimis
411 314 557 386 apparent
578 307 662 376 retia,
687 309 759 367 vitat
780 306 864 367 avis(

151 393 209 454 Ora
233 410 351 453 sacrum
373 397 494 452 teneant
515 408 553 451 ne
576 390 613 450 sit
635 393 779 470 strepitus
802 407 899 467 neque
922 392 1042 462 clamor,
1071 403 1126 454 680

193 476 267 547 Quis
288 478 388 538 minor
411 482 458 536 est
480 491 621 552 uuquam,
646 491 733 551 quam
756 477 893 546 tacuisse,
917 474 1020 537 labor?

404 656 465 710 HIC
483 655 605 710 RAPTA
622 655 689 710 EST
706 655 863 722 HELENA.

150 781 207 851 Qui
229 778 393 858 prohibere
416 777 524 848 studet,
548 777 672 855 pelagus
695 796 732 838 ne
754 778 886 848 fluctuet,
910 780 988 857 ignis

194 863 238 925 Ne
261 862 365 931 caleat,
388 862 487 922 studio
509 862 622 922 fallitur
643 862 692 922 ille
715 880 780 922 suo.

150 949 211 1010 Nec
232 947 308 1008 later
330 947 444 1027 absque
467 945 530 1007 luto
552 964 608 1007 neo
631 964 755 1026 serpens
778 946 890 1026 absque
913 965 1027 1008 veneno

192 1033 264 1093 Esse
286 1038 392 1111 potest,
417 1049 472 1092 nec
496 1033 553 1091 erit
576 1032 685 1090 semina
709 1038 788 1091 casta
813 1026 874 1091 diu.
1067 1042 1121 1092 685

149 1118 238 1197 Passa
262 1116 351 1177 modo
374 1116 522 1184 Paridem,
546 1115 684 1176 Paridem
707 1114 805 1180 modo,
829 1114 944 1176 Thesea
967 1117 1086 1194 pridem

154 1202 156 1207 ’
191 1201 252 1262 lam
274 1200 372 1261 Ledea
396 1200 475 1261 thori
498 1200 561 1260 vuit
582 1199 694 1259 violare
715 1198 816 1258 fidem.

149 1285 304 1362 Pugnabat
325 1288 424 1364 primo
448 1285 596 1364 fortassis;
621 1292 659 1350 et,
683 1283 834 1361 improbe!
857 1285 945 1354 dicet,

192 1368 356 1445 Pugnando
380 1369 459 1428 vinci
481 1385 513 1427 se
535 1367 615 1428 volet
637 1365 687 1427 illa
710 1376 821 1429 tamen.

149 1455 283 1514 Dicimus
307 1451 385 1513 hanc
408 1450 551 1512 Helenam
574 1454 669 1529 magis
692 1471 726 1512 ex
750 1455 867 1513 ratione
890 1451 1032 1522 leaenam,
1067 1462 1120 1512 690

195 1536 245 1596 Vel
268 1539 366 1615 potius
389 1534 485 1595 lenam
508 1536 704 1597 confiteamur
727 1555 801 1597 eam.

150 1622 247 1700 Rupta
270 1620 423 1700 pudicitia,
448 1622 517 1699 quia
540 1621 625 1680 foeda
650 1620 751 1680 leaena
773 1621 901 1698 patravit

193 1707 313 1766 Crimen
336 1705 484 1774 adulterii,
508 1704 547 1764 sit
568 1706 650 1783 quasi
674 1702 750 1779 lena,
774 1703 892 1783 probat.

149 1789 298 1850 Invadunt
319 1789 419 1851 tanum
444 1807 548 1850 somno
572 1788 697 1850 fortasse
720 1787 878 1867 sepultum,

195 1875 371 1954 Adspiciunt
394 1874 544 1934 Phoebum
568 1892 624 1934 nec
646 1881 824 1933 reverentur
847 1890 924 1941 eum,
1068 1882 1119 1930 695

149 1957 352 2039 Tyndaridem
374 1961 510 2036 rapiunt;
537 1977 597 2018 non
620 1968 665 2016 est
687 1957 777 2018 invita
800 1964 913 2024 secuta,

191 2042 298 2121 Fitque
324 2041 460 2120 negando
482 2050 589 2118 patens
611 2050 640 2100 et
662 2041 843 2101 retrahendo
865 2059 1004 2120 sequens.

149 2127 316 2186 Priamides
338 2125 464 2202 impellit
487 2143 552 2186 carn
574 2128 712 2204 cogitque
736 2123 891 2193 veientem,

192 2209 276 2279 Quod
300 2209 391 2289 juvat,
413 2210 523 2269 invitae
545 2226 634 2286 saepe
658 2209 774 2270 dedisse
798 2209 912 2277 volunt;

148 2294 308 2357 Eioribus
331 2294 420 2354 castri
444 2295 599 2354 memorati
621 2292 732 2372 pedere
757 2295 787 2352 ni
811 2295 837 2352 ri
1064 2302 1117 2352 too

190 2381 249 2441 Pro
272 2377 366 2458 spolio
389 2376 441 2438 tati
464 2377 632 2456 prosiluere
655 2380 716 2437 niti.

149 2463 275 2525 Obstant
296 2463 426 2528 Troiani.
450 2463 570 2540 tugiunt
591 2462 620 2523 hi
644 2471 742 2539 strage
766 2463 869 2529 coacti,

191 2548 295 2609 Cetera
319 2546 405 2606 turba
429 2554 527 2622 ruunt,
552 2545 596 2607 vel
619 2547 779 2625 capiuntur
801 2542 856 2605 ibi.

148 2632 229 2693 Pano
252 2630 404 2710 praedato,
428 2649 494 2691 curn
519 2632 560 2691 nii
583 2648 740 2709 superesse
763 2629 888 2698 videtur,

191 2715 285 2776 Nauta
308 2713 372 2775 solo
396 2715 483 2784 cedit,
507 2715 539 2774 m
561 2714 638 2791 iuga,
662 2712 774 2793 praedo
797 2713 885 2773 redit.
1066 2723 1116 2772 705

150 2867 353 2878 ——-——-

214 2953 273 3007 679.
291 2951 384 3003 Ovidii
401 2949 480 3002 Rem.
497 2950 556 3001 Am.
574 2950 633 3000 516.
719 2949 777 2999 681.
797 2947 848 2997 Ov.
866 2949 955 2998 Amor.
973 2947 1010 3009 11,
1029 2949 1055 3011 2,
1073 2949 1119 2998 28.

266 3019 335 3081 Quis
352 3019 442 3068 minor
460 3022 503 3067 est
522 3021 621 3076 autem,
641 3030 723 3081 quam
741 3016 875 3080 tacuisse,
894 3015 982 3069 labor.

147 3087 206 3138 687.
225 3085 293 3138 Cod.
312 3087 367 3135 vul.
437 3086 496 3136 688.
516 3086 558 3134 89.
576 3083 627 3136 Ov.
645 3083 696 3132 Ars
715 3083 736 3144 I,
754 3083 813 3135 665.
832 3084 856 3145 6,
875 3082 938 3133 ubiz
962 3086 967 3091 ”
1038 3097 1043 3103 ·

332 3152 483 3219 Pugnando
502 3152 578 3201 vinci
597 3150 645 3200 sed
662 3155 754 3201 tamen
766 3149 822 3199 ‘illa
839 3149 923 3210 volet,

147 3222 205 3272 692.
224 3235 273 3285 pro
291 3219 350 3269 cod.
368 3222 516 3285 patratum.
569 3219 628 3268 694.
641 3217 708 3268 cod.
727 3217 823 3279 fatum,
840 3218 916 3282 Virg,
930 3218 1001 3267 Aen.
1014 3216 1052 3280 11,
1065 3217 1117 3267 teo

299 3287 438 3338 Invadunt
454 3285 550 3337 urbem
569 3300 663 3336 somno
681 3285 800 3349 vinoque
818 3286 964 3350 sepultam.

147 3358 206 3410 699.
225 3354 275 3406 Ov.
295 3355 347 3404 Ars
366 3355 386 3416 1,
407 3356 466 3409 674.
