2378 3810
116 138 157 202 14
447 136 509 186 uia.
528 135 550 184 1.
578 150 604 185 v.
623 136 750 186 ae-iaa.

160 290 322 370 Praeparat
345 287 505 350 armandos
528 295 557 348 et
579 304 672 366 genus
695 305 783 348 omne
806 286 874 348 cibi.

113 377 198 440 lllico
221 374 325 435 militia
350 391 382 433 se
406 371 518 450 colligit
539 373 605 442 ista,
628 371 765 450 juventus

158 458 279 522 Florida
302 459 417 520 diverso
440 456 558 532 robore,
582 463 681 517 mente
703 457 777 535 pari.
1052 466 1089 517 00

113 547 147 608 10
171 562 260 605 naves
284 543 376 604 electa
400 541 508 603 cohors
529 560 562 603 se
584 548 721 620 prompta
743 546 885 617 receptat,
989 604 996 611 ³

156 630 189 691 ln
213 628 371 707 Phrygiam
393 634 543 705 properat,
567 625 744 705 applicuisse
766 626 857 685 iurat.

117 716 191 776 Cum
214 711 302 774 Peleo
325 710 469 774 Telamon
492 709 583 771 saluit
605 713 637 771 in
660 710 754 780 litora,
778 710 879 789 sieque

157 797 315 858 Alcmenae
337 794 470 865 soboles;
492 798 590 872 surgit
612 794 647 855 ad
672 801 750 855 astra
773 811 874 854 canor.

115 883 174 943 Sed
197 882 300 943 Castor
322 878 487 959 Polluxque
510 885 631 941 manent
652 897 718 940 cum
742 878 875 947 Nestore,
899 876 1005 940 uolunt
1048 887 1083 938 95

157 965 356 1027 Incustoditos
379 964 548 1025 deseruisse
570 981 670 1024 nares.

115 1052 187 1111 Fert
210 1052 317 1111 iterum
344 1046 475 1128 [rumor]
500 1048 550 1109 hio
573 1047 782 1109 Laomedontis
804 1050 835 1107 in
858 1045 969 1109 aulam:

156 1135 208 1195 Est
230 1136 260 1193 in
284 1133 388 1212 Sigaeo
412 1132 514 1194 classis
535 1132 661 1195 Archiva
684 1131 757 1193 solo.

113 1218 155 1278 Ad
181 1237 261 1280 mare
283 1236 336 1277 rex
360 1220 430 1286 exit,
455 1233 542 1293 quem
566 1218 649 1296 copia
673 1217 765 1294 cingit
787 1217 943 1295 equestris,

156 1302 311 1379 Argolicos
334 1303 418 1377 regni
441 1299 553 1378 pollere
575 1303 634 1361 fine
656 1303 713 1360 sui.
816 1360 824 1374 ,
1028 1308 1081 1359 100

115 1385 173 1446 Sed
197 1383 296 1444 medio
318 1385 440 1444 iuvenes
461 1384 638 1462 impugnant
659 1391 793 1462 tempore
816 1381 944 1461 Trojam,

156 1469 230 1542 lien,
253 1466 303 1528 uhi
326 1467 382 1528 scit
405 1484 503 1546 pugna
526 1485 602 1546 quae
625 1469 663 1529 sit
685 1468 817 1536 suborta,
835 1468 929 1535 redit.

115 1552 284 1614 Occurrunt
306 1551 421 1620 Graeci,
447 1570 500 1613 rex
523 1550 658 1613 Herculis
681 1571 752 1614 ense
774 1562 945 1632 peremptus

156 1635 281 1706 Occidit,
305 1645 334 1696 et
356 1634 498 1696 Telamon
522 1636 666 1715 Pergama
688 1640 787 1717 primo
810 1636 897 1707 subit,

115 1721 169 1784 Cui
192 1739 260 1781 mox
282 1721 312 1780 in
335 1721 464 1799 pretium
486 1722 604 1783 virtutis
625 1730 765 1784 strenuus
787 1723 878 1783 heros
1029 1731 1079 1782 105

155 1805 321 1886 Hcsyonem
348 1802 481 1888 [natam]
505 1806 706 1868 Laomedonte
730 1807 820 1867 dedit.
912 1826 915 1832 ·

3 1931 7 1935 -
113 1889 176 1950 Nec
199 1891 279 1951 solus
302 1908 354 1950 rex
377 1893 498 1960 interiit,
523 1909 590 1953 cum
612 1910 684 1970 rege
706 1892 833 1970 proiecti
937 1936 944 1949 ,

154 1974 280 2050 Regales
302 1977 388 2053 pueri
411 1977 669 2052 comperimuntur
691 1976 743 2037 ibi.

111 2057 144 2118 ln
167 2056 326 2136 Phrygiam
349 2059 485 2119 Priamus
507 2058 605 2121 iuerat
626 2078 694 2120 cum
718 2058 811 2120 milite
833 2061 948 2131 missus,

154 2140 311 2202 Fratribus
333 2143 440 2203 occisis
462 2160 538 2204 unus
560 2150 711 2222 superstes
734 2150 806 2204 erat.
1025 2143 1085 2206 110

112 2223 318 2304 Amphitrione
341 2234 422 2286 satus
445 2234 475 2286 et
496 2226 609 2290 Graeca
632 2230 750 2290 iuventa
772 2229 903 2290 ferentes

155 2309 222 2370 Non
246 2309 390 2370 modicam
413 2310 554 2391 praedam
577 2314 729 2390 reperiare
750 2312 879 2384 student,

114 2393 283 2473 Hesyonem
306 2394 448 2456 Telamon
472 2414 573 2458 secum
597 2397 728 2467 deduxit,
753 2405 782 2457 et
805 2414 908 2459 omnes

155 2479 299 2540 Victrices
321 2480 459 2542 referunt
479 2482 510 2541 in
532 2501 584 2543 sua
607 2490 704 2544 castra
726 2500 840 2544 manus.

110 2561 169 2623 lies
191 2571 302 2641 raptas,
325 2566 418 2642 patris
440 2567 602 2638 interitum,
626 2573 803 2644 captamque
825 2584 958 2628 sororem
1024 2574 1079 2627 115

153 2646 191 2706 Ut
213 2646 348 2707 Priamus
371 2646 468 2718 discit,
493 2649 583 2710 corda
605 2649 707 2712 dolore
731 2653 840 2731 quatit;

109 2728 185 2791 Ilion
208 2729 385 2808 ingreditur,
410 2739 439 2792 01
461 2729 568 2809 conjux
590 2733 722 2804 Hecuba,
746 2739 807 2796 nati

115 2860 118 2865 .
152 2814 189 2874 bc
210 2822 296 2875 natae
319 2821 432 2875 moesto
454 2823 587 2894 pectore,
610 2827 710 2880 mente
732 2820 824 2898 gravi.

108 2900 221 2962 Hector
243 2897 409 2959 Alexander
431 2901 520 2980 primi
543 2910 620 2973 sunt,
645 2903 885 2985 Deiphobusque,

150 2985 268 3047 Tertius
291 2990 336 3045 est
357 2982 496 3054 Helenus,
521 2994 642 3063 quartus
665 2995 695 3048 et
716 2987 765 3049 hic
788 2987 907 3050 Troilus
1023 2997 1079 3049 12⁰

109 3066 215 3138 Filius;
239 3067 454 3141 Andromache,
480 3070 654 3148 Cassandra,
677 3071 825 3153 Polyxena
848 3080 945 3145 natae,

150 3150 210 3212 Has
232 3150 332 3213 laudat
353 3153 443 3214 iacies
466 3157 687 3236 strenuitasque
708 3175 816 3219 mares.

109 3283 311 3292 ————-—-—

174 3368 215 3420 94.
238 3367 342 3435 Margo.
360 3370 503 3424 Hercules.
572 3375 613 3427 97.
636 3373 757 3442 [Rumor]
777 3392 792 3430 e
810 3377 943 3444 margine.
1014 3375 1077 3429 119.

104 3432 268 3501 Deiphobus
286 3441 318 3488 ut
335 3437 488 3504 plurimum.
