2378 3810
165 157 205 220 12
503 155 566 210 Lib.
582 157 605 209 I.
634 173 661 210 v.
679 158 790 208 att-oa.

206 312 243 374 Et
265 311 411 375 loecunda
433 312 505 372 lacit
526 319 647 390 pectora
671 309 769 370 laudis
790 327 884 370 amor.

165 399 228 469 lho,
253 399 354 468 refert,
378 397 489 459 dentur
511 396 586 456 socii
607 397 752 473 narisque
773 404 906 474 paretur,

95 510 106 525 κ
208 486 304 563 Argus
327 489 401 545 erat.
439 480 589 550 Fabricet,
612 497 666 541 rex
688 482 741 556 ait,
763 482 842 558 drgo
866 487 959 540 vocet.

267 613 382 669 ι1ΑὸοΝ
399 611 567 668 NAVIGAT
584 611 656 667 PRO
674 610 842 666 VELLERE
860 609 993 665 AUREO.

165 723 313 783 Rumores
335 719 409 781 hinc
431 717 502 778 inde
524 716 624 778 rolant
644 718 681 777 de
704 718 828 785 lasone;
852 717 954 789 lason,

209 807 247 868 Ut
270 803 364 865 vellus
386 804 492 883 rapiat,
516 801 647 864 Colchon
670 802 753 863 adire
774 813 869 882 parat
1103 813 1141 864 30

165 890 309 967 Exsurgit
331 889 415 949 navis
436 886 648 965 pulcherrima,
671 886 806 966 velleque
828 895 924 947 toturn

208 973 319 1042 lllilitis,
343 979 376 1033 ut
397 974 484 1033 fieret
505 969 588 1031 valde
610 977 741 1040 venusta,
764 970 829 1032 luit.

166 1059 290 1120 Graecia
311 1056 388 1119 laeta
410 1058 498 1126 lavet,
523 1054 675 1135 applaudit
697 1054 793 1125 turha,
812 1053 953 1133 juventus

208 1142 330 1204 Ciliciae
352 1142 436 1203 ducit
456 1140 573 1220 gaudia,
597 1140 724 1220 spondet
745 1157 843 1218 opem.

165 1230 255 1289 Jason
279 1226 454 1288 adhortatur
476 1227 584 1294 socios,
608 1232 641 1285 ut
663 1225 780 1303 quando
802 1225 903 1284 vocari
1102 1235 1138 1285 35

207 1310 276 1371 lllos
298 1311 458 1387 contingat,
482 1312 609 1388 quisque
632 1317 752 1387 perotus
774 1317 831 1369 eat.

166 1396 256 1456 Navis
277 1395 441 1473 perficitur,
464 1410 561 1453 annus
582 1393 685 1453 linitur
707 1401 738 1453 et
759 1411 830 1453 ecee

208 1478 253 1540 llli
274 1478 419 1540 laetanter
441 1475 656 1556 aggrediuntur
678 1479 747 1537 iter.

165 1564 313 1643 Imprimit
334 1563 380 1624 his
403 1561 499 1622 Pelias
521 1568 691 1622 constantes
713 1579 788 1630 esse,
812 1561 888 1622 ririli

209 1648 333 1708 Pectore
357 1648 542 1724 propositum
566 1649 743 1707 continuare
765 1664 861 1715 suum,
1098 1657 1136 1708 40

165 1732 300 1803 „Pendet
320 1733 351 1791 in
374 1730 431 1791 hoc
452 1748 544 1810 opere
567 1733 665 1792 nostri
687 1730 803 1800 fiducia,
827 1732 904 1791 fama

208 1818 315 1891 Vestri,
338 1813 525 1894 Grajugenae
548 1815 641 1892 gloria
664 1817 798 1894 gentis“‚
821 1816 870 1876 ait

362 1946 478 2001 JASON
496 1945 728 1999 DEPELLITUR
746 1944 822 2000 CUM
840 1943 928 1999 suls

165 2054 318 2128 Attingunt
340 2050 508 2129 Phrygiam,
533 2051 642 2112 Simois
663 2050 744 2112 flavit
765 2049 870 2111 obrius
892 2049 962 2120 illis,

208 2137 292 2195 hlens
313 2136 379 2203 fuit,
402 2142 436 2194 ut
458 2142 564 2214 portus
585 2134 770 2214 eligerentur
788 2133 840 2194 ibi.

167 2222 285 2281 Ancora
308 2217 476 2298 projicitur,
499 2217 609 2280 saliunt
623 2220 662 2280 'in
684 2219 770 2280 litora
793 2218 873 2288 laeti,
1100 2229 1137 2281 45

208 2305 331 2364 lliratur
354 2321 386 2363 sc
409 2320 474 2363 rem
497 2313 577 2364 terra
600 2303 700 2364 videre
722 2321 837 2365 novam.

167 2387 403 2451 Laomedonteae
425 2386 559 2448 ascendit
580 2405 684 2447 rumor
706 2388 737 2447 in
760 2405 857 2456 aures,

208 2472 374 2534 llirandam
397 2471 565 2550 Phrygibus
587 2471 768 2552 applicuisse
789 2480 895 2540 ratem,

165 2557 330 2634 Addicitur‚
352 2555 469 2635 populis
491 2555 571 2636 quod
594 2555 681 2636 plena
703 2557 743 2617 sit
764 2563 794 2616 et
815 2557 885 2636 quia
906 2556 999 2619 fortes

208 2642 275 2702 Sint
295 2639 384 2700 simul
406 2648 436 2700 et
456 2638 590 2718 juvenco,
613 2658 747 2721 quosque
770 2648 891 2719 stupere
913 2641 1003 2702 vides.
1097 2651 1137 2703 oo

164 2726 242 2786 lien:
267 2723 455 2802 „Phrygibus
477 2723 564 2785 cedet
585 2726 616 2784 in
639 2741 746 2801 magna
769 2725 912 2803 pericula,
934 2727 961 2786 si
982 2745 1048 2788 mos

208 2809 263 2870 llic
285 2808 483 2886 increbuerit,
505 2811 558 2888 qui
580 2809 669 2870 modo
692 2810 820 2887 coepit“,
844 2811 893 2879 ait,

166 2892 310 2966 „Scilicet
330 2902 363 2954 ut
385 2893 517 2963 iuvenes,
541 2895 591 2972 qui
615 2895 710 2953 nutrit
732 2893 864 2963 Graecia,
888 2892 1005 2955 discant

207 2978 329 3040 Talibus
350 2979 382 3037 in
404 2987 541 3038 nostrum
564 2976 689 3038 naribus
710 2978 756 3037 ire
776 2976 907 3039 sotumc.

163 3065 260 3124 lratus
283 3063 373 3123 mittit
395 3061 432 3122 ad
455 3070 572 3141 portum
596 3062 696 3122 dicere
718 3062 856 3123 Graecis:
1100 3072 1136 3123 55

207 3150 266 3209 Vos
285 3146 370 3227 jubet
392 3163 428 3206 ex
450 3163 543 3224 regno
564 3163 617 3206 rex
642 3162 806 3226 properare
829 3165 894 3208 suo.

167 3233 293 3301 Cedunt,
318 3230 450 3293 Colchon
473 3237 553 3300 eunt,
577 3248 633 3291 nec
656 3230 762 3311 adepta
784 3232 863 3311 pelle
886 3234 1053 3309 quiescunt,

209 3317 320 3379 Navem
344 3314 559 3385 conscendunt,
582 3317 703 3395 propria
727 3323 805 3377 tecta
828 3325 943 3396 petunt.

232 3453 273 3503 57.
308 3449 376 3499 Mac.
395 3448 522 3500 eredunt.
