2378 3810
110 127 154 195 35
432 127 493 176 nro.
511 127 532 181 1.
568 141 594 180 v.
614 125 758 176 ree-mn.

111 283 189 344 Ecce
211 279 295 340 vides
319 279 472 340 Helenam.
518 279 651 339 Fortuna
673 277 805 337 secunda
829 275 999 339 secundum

154 366 261 426 Mentis
283 365 468 444 propositum
491 362 561 422 lecit
582 362 693 441 ubique
716 362 824 422 lorum.

113 451 176 512 Rex
200 452 240 509 ait
262 448 413 512 exultans:
438 455 468 507 et
490 465 555 524 ego,
579 446 657 526 quod
681 445 788 506 debeat
810 447 867 508 ista
1035 457 1086 509 reo

156 534 279 603 Praeda,
304 535 458 601 vaticinor,
484 541 583 592 nostra
606 530 706 590 redire
728 548 826 590 soror.

112 620 245 699 lnquiret
267 636 322 678 nos
344 617 476 679 Graecus
498 616 596 694 homo,
620 633 679 675 non
703 613 816 694 absque
838 622 986 693 restauro,

157 708 199 764 Ac
221 704 279 763 orit
301 721 317 760 e
340 712 443 762 nostro
467 700 594 760 Graecia
619 702 692 758 victa
716 699 792 760 loro.

117 788 223 865 'Pergit
246 795 275 846 et
297 785 346 845 hic
368 786 471 845 oculos
494 785 601 845 mulier
623 786 792 846 castissima
814 786 909 846 siccos

158 872 203 935 Et,
227 888 294 930 oum
317 870 393 929 laeta
416 870 503 938 soret,
527 871 565 929 sit
588 871 672 948 quasi
695 877 807 930 moesta
831 870 923 932 sedet.
1035 880 1086 930 735

117 956 292 1017 Consolatur
313 972 378 1014 eam
402 952 546 1022 Priamus,
570 952 728 1033 Paridique
750 956 897 1032 resignat;

158 1039 275 1100 'laedas
296 1040 462 1106 instituunt,
486 1039 560 1099 lesta
583 1055 688 1099 serena
711 1038 823 1100 colunt.

117 1125 162 1185 Tu
190 1123 288 1184 credis
311 1131 422 1183 castam
446 1142 521 1202 quae
544 1125 660 1184 venerit
682 1122 749 1191 huc,
773 1141 829 1200 ego
851 1142 922 1184 vero

160 1208 384 1287 Nrcquidquam
408 1208 508 1277 credo,
532 1216 678 1286 pactaque
701 1207 781 1268 nulla
804 1207 890 1270 dabo.

117 1292 200 1353 Hanc
225 1292 387 1353 Cassandra
411 1292 528 1352 videns:
554 1293 633 1378 venit
655 1291 820 1352 destructio
842 1292 951 1373 Trojae
1036 1304 1087 1354 740

160 1376 196 1435 Et
218 1394 303 1435 casus
327 1377 452 1452 patriae!
476 1376 660 1436 vaticinando
684 1378 772 1436 canit.
875 1393 899 1441 ο

118 1460 244 1520 includit
266 1469 349 1538 pater
372 1463 435 1520 eius
458 1479 531 1526 eam.
556 1460 755 1522 mihilominus
777 1463 844 1540 ipsa

160 1544 309 1606 Clamitat:
333 1547 363 1604 iu
388 1543 476 1625 Troja
499 1545 608 1605 Troica
631 1545 748 1606 flamma
771 1546 865 1607 sedet.

190 1707 428 1763 Adunnutton
446 1708 561 1764 VADIT
580 1707 786 1763 consonant
803 1709 1011 1764 unnnnmm

482 1776 521 1830 IN
541 1775 720 1833 SPARTAM.

119 1884 152 1943 lu
176 1882 314 1960 Spartam
336 1891 476 1962 properat
498 1886 700 1960 Agamemnon
723 1881 760 1941 de
783 1881 908 1944 Menelai

164 1968 289 2026 Pectore
312 1976 475 2044 puncturas
497 1967 607 2045 pellere
631 1967 809 2027 moesticiae.
1036 1976 1088 2026 tto

124 2050 309 2117 Consoleris3
334 2053 383 2115 ait,
405 2068 460 2128 per
483 2050 591 2111 Troica
613 2053 660 2121 sit,
684 2050 764 2118 licet,
788 2067 869 2110 arma

166 2133 306 2194 Tindaris
328 2133 433 2201 ablata,
454 2132 514 2212 jam
538 2144 710 2213 repetemus
732 2152 807 2194 eam.
875 2138 879 2145 '

122 2218 203 2279 Haeo
226 2218 279 2278 tibi
302 2218 454 2284 reddetur.
479 2237 538 2278 non
561 2221 717 2298 irrepetita
740 2218 879 2288 manebit,

164 2303 230 2363 Non
254 2305 311 2363 erit
334 2321 348 2362 a
372 2302 541 2383 Phrygibus
565 2303 663 2363 abdita
687 2304 800 2365 Graeca
822 2319 936 2363 manus.

122 2389 244 2448 Graecia
268 2387 440 2467 perdiderat
462 2386 619 2455 Helenam;
643 2389 686 2447 sic
709 2396 739 2449 et
760 2387 819 2447 duo
842 2387 951 2448 iratres
1037 2398 1090 2447 too

164 2471 242 2540 Quid
264 2490 355 2549 snper
377 2471 424 2533 his
446 2473 564 2539 iaciant,
588 2471 772 2532 consiliando
795 2472 907 2534 sedent

123 2555 206 2617 Finis
228 2556 355 2614 consilii:
381 2559 494 2634 patriae
517 2567 671 2617 notescere
694 2554 814 2617 lactum.

169 2640 303 2700 Notescit
323 2640 400 2700 nulla
424 2644 616 2720 proveniente
639 2659 730 2701 mora.

123 2725 319 2786 Conveniunt.
362 2723 466 2784 Plures
488 2732 610 2804 poteras
632 2726 741 2785 vidisse
764 2724 896 2796 Quirites

164 2808 311 2869 Mentibus
334 2807 463 2869 illustres
485 2808 648 2888 militiaque
667 2810 755 2869 leves.
1039 2819 1089 2868 too

126 2894 267 2973 Impiger,
291 2893 461 2962 iracundus,
485 2893 686 2962 inexorabilis,
710 2911 779 2954 acet·

164 2978 265 3039 Assilit
287 2977 437 3048 Aeacides,
460 2986 553 3056 tuque
574 2977 711 3039 Patrocle
732 2996 841 3040 comes.

195 3212 254 3263 734.
282 3212 311 3260 in
328 3212 467 3275 margines
485 3212 582 3261 ironia.
652 3215 710 3264 738.
731 3212 796 3265 (iod.
816 3218 902 3269 casta,
972 3215 1031 3266 747.
1059 3230 1093 3264 ex

124 3279 257 3343 margine,
274 3293 324 3343 pro
342 3279 446 3329 codicis
466 3280 627 3330 consuleris.
680 3283 739 3334 746.
757 3280 786 3330 in
804 3282 941 3346 margine:
958 3283 1015 3331 iste
1027 3298 1093 3332 oon·

126 3347 276 3398 solutionis
294 3348 380 3397 verbe
398 3347 485 3396 freter
504 3347 623 3412 replicat
639 3353 671 3398 ut
687 3349 855 3399 moestitiam
873 3349 964 3399 cordis
982 3351 1043 3398 eius
1061 3349 1095 3398 li·

127 3417 198 3465 nial.
269 3414 326 3465 too.
347 3412 413 3463 Cod.
426 3414 646 3466 inexororabilis.
667 3423 710 3465 est
727 3416 794 3466 Hor.
813 3419 846 3471 Δ,
863 3416 895 3466 Ρ.
914 3418 973 3467 121.
