2378 3810
392 147 454 209 nro.
473 155 494 210 1.
524 171 549 206 v.
568 127 676 209 aassot.

164 322 167 329 ·
270 292 411 358 Tanain
428 302 610 368 Quuunau
627 305 808 360 urrunnu.

55 429 199 508 Vipereos
221 425 326 486 dentes
348 428 379 486 in
401 425 526 487 humum
548 444 603 505 pro
626 427 738 487 semine
761 428 867 501 iactos,

96 512 134 573 Et
155 509 253 572 subito
276 517 361 571 natos
384 528 465 571 arma
487 509 590 571 tulisse
613 513 706 571 viros:

52 596 234 675 Terrigenas
256 593 392 674 populos,
416 594 496 655 civili
519 595 612 655 Marte
635 605 819 676 peremptos,

96 681 175 742 Ense
197 681 249 758 qui
271 681 391 740 strictas
407 696 594 750 ,conseruere
617 698 732 750 manus,
805 737 807 741 ,

53 764 175 826 Medeae
197 763 302 833 studio,
327 763 428 824 credat
449 763 558 824 ludens
580 763 696 843 Apella3

98 848 163 910 Non
186 865 242 928 ego
264 850 332 909 ficta
355 849 484 928 quidem,
508 866 567 909 non
591 867 625 908 ea
648 849 724 910 iacta
747 851 818 910 scio.

54 932 112 994 Sed
135 935 160 993 si
182 933 301 994 Medeae
324 935 424 1010 rapuit
445 934 589 993 tutamine
611 931 719 1011 pellem

96 1017 149 1078 Vel
171 1017 299 1097 propriis
323 1025 437 1078 tantum
461 1015 584 1088 viribus,
607 1018 672 1094 ipse
694 1018 777 1077 sciat.

55 1101 139 1162 lianc
161 1104 261 1180 rapuit
283 1101 345 1172 sed,
370 1120 403 1161 ea
427 1118 605 1180 quocunque
628 1100 683 1161 sub
707 1103 922 1182 omine-rapta,

98 1185 171 1247 Cum
193 1185 304 1266 praeda
329 1186 417 1247 rediit
440 1188 579 1264 protinus
600 1183 651 1245 ille
674 1204 736 1246 sua.
913 1182 920 1193 “

198 1349 402 1404 LAOMEDON
420 1349 496 1404 CUM
513 1348 650 1403 MULTIS
669 1348 875 1405 occruluun.
934 1314 937 1318 >

54 1473 170 1535 Acriter
192 1471 367 1533 Herculeam
391 1472 544 1533 succendit
565 1471 657 1532 laesio
680 1479 810 1533 mentem

98 1556 198 1618 Pridie
221 1574 287 1616 curn
312 1559 394 1618 socio
417 1558 525 1618 Jasone
548 1556 624 1616 iacta
647 1559 719 1626 viro,

55 1639 181 1714 Quando
204 1642 266 1701 suis
287 1640 341 1701 hos
363 1640 531 1701 Laomedon
556 1641 658 1701 effudit
681 1640 718 1700 ab
742 1643 804 1701 oris

102 1723 220 1786 Pellens
244 1725 393 1787 advectam
417 1743 475 1785 non
499 1727 564 1785 sine
588 1742 660 1802 pace
684 1733 786 1785 ratem.

54 1809 152 1871 Meros
172 1810 315 1879 incendit,
338 1819 372 1870 ut
394 1829 457 1871 rem
481 1808 612 1869 declaret
634 1810 746 1879 amicis,

101 1892 181 1964 Quos
203 1901 287 1973 putat
309 1891 479 1971 obprobriis
501 1891 691 1954 condoluisse
713 1894 784 1954 suis.

55 1977 237 2057 Aggreditur
259 1988 458 2059 properanter
481 1997 533 2038 eos
556 1977 725 2056 ubicunque
749 1985 903 2038 morantur

99 2062 261 2141 Exponeus
285 2063 376 2123 animi
398 2062 510 2123 fervida
532 2070 598 2123 vota
622 2063 677 2124 sui.
733 2088 735 2097 =
886 2079 888 2084 ·

56 2146 195 2226 Spartam
215 2147 361 2225 pervenit,
384 2146 488 2207 Pollux
511 2154 541 2208 et
563 2148 668 2208 Castor
690 2147 785 2208 eidem

99 2231 138 2292 Se
159 2231 305 2310 praebent
327 2239 356 2291 et
378 2249 453 2310 opus
475 2230 617 2291 auxiliare
640 2238 755 2292 vovent.

56 2314 101 2378 ld
123 2314 222 2377 Phtias
245 2315 389 2377 convertit
411 2317 476 2386 iter,
499 2314 680 2395 Peleumque
701 2317 840 2395 requirit,

101 2399 158 2471 Qui
180 2397 266 2462 milas
288 2399 412 2460 validam
436 2400 562 2478 spondet
584 2402 698 2478 etipse
720 2416 852 2460 manum.

56 2482 150 2554 Fecit,
174 2494 203 2545 et
225 2483 295 2544 hinc
316 2484 383 2545 navi
406 2486 487 2544 venit
509 2486 598 2544 etiam
621 2484 651 2542 in
674 2482 852 2543 Salaminam

101 2567 165 2628 lloc
188 2569 223 2629 ad
245 2569 431 2648 propositum
454 2567 613 2630 sollicitare
635 2569 740 2627 virum.

57 2651 131 2712 lnde
154 2652 258 2731 Pylum
282 2653 376 2714 tendit
397 2671 453 2732 pro
475 2652 608 2724 Nestore,
632 2651 738 2714 Nestor
759 2654 793 2711 in
814 2651 866 2714 illo

100 2736 224 2814 Magnae
248 2737 436 2799 commendat
458 2739 644 2799 strenuitatis
666 2754 750 2814 opus,

55 2819 203 2882 Auxilium
227 2824 300 2882 totis
321 2823 469 2901 promittit
491 2821 620 2892 viribus;
643 2818 694 2882 ille

99 2904 141 2965 nd
166 2924 218 2967 sua
242 2913 319 2967 tecta
341 2907 420 2967 redit
442 2908 687 2986 propositumque
710 2907 826 2984 premit.

57 2988 221 3069 Praeparat
243 3000 332 3070 atque
354 3001 433 3052 rates
455 2999 501 3052 ter
524 2993 639 3070 quinas,
662 2997 819 3070 praeparat
842 3006 923 3050 arma

56 3125 260 3136 ——2-..0-

125 3193 235 3247 ott-61.
255 3190 335 3245 Ovid.
353 3193 466 3247 Heroid.
483 3193 531 3251 1v,
549 3194 642 3245 33-5.
712 3193 753 3245 62.
777 3190 858 3243 Ovid.
875 3192 942 3246 Her,
960 3190 1023 3255 XII,

58 3259 108 3310 100
135 3260 213 3310 Inter
236 3275 266 3312 se
290 3261 404 3311 strictas
428 3275 592 3311 conseruere
613 3273 717 3312 manna.
787 3260 828 3309 rt.
850 3258 919 3309 Mso.
937 3258 1021 3308 horis.

56 3327 99 3379 72.
127 3327 239 3392 Margo:
271 3329 336 3392 quia
365 3327 474 3393 pacifici
495 3332 632 3379 venerant
657 3333 750 3376 tamen
777 3342 826 3392 pro
853 3326 926 3390 pelle
949 3327 1025 3376 ituri.

56 3394 100 3448 79.
128 3394 195 3446 Mac.
222 3394 341 3446 Phitios.
366 3397 471 3461 Margo.
494 3399 601 3461 patrem
624 3393 748 3444 Achillis.
818 3395 859 3444 80.
877 3393 945 3443 Msc.
964 3392 1024 3444 (iai.

55 3462 101 3514 81.
120 3460 229 3529 Margo:
247 3463 296 3516 ubi
313 3464 444 3515 manebat
461 3463 600 3515 Telamon.
