2378 3810
396 177 458 226 nra.
477 177 512 231 11.
548 193 574 230 v.
592 178 737 230 rte-ue
1011 172 1054 237 65

132 329 257 391 Brachia
282 347 425 390 mucrone
449 328 604 388 deliciente
626 337 732 386 moret.
886 372 889 376 .

87 416 271 476 Leutesennt
293 431 390 480 arcus,
413 411 575 472 tenduntur
597 413 717 471 lortiter
740 420 831 479 artus,
1004 422 1053 470 tto

131 501 167 560 Et
190 498 322 575 quamvis
342 496 452 575 jaciant
473 494 570 574 jacula
593 495 681 556 corda
705 494 815 556 volant.

88 583 145 643 ilie
167 583 260 643 sortes
283 583 366 658 quasi
388 582 501 658 grando
523 587 622 649 ruunt,
647 581 730 639 luror
752 598 834 640 arma
858 581 1015 650 ministrat,

132 667 211 728 Mors
234 666 299 726 lluit
320 667 349 724 in
373 664 461 745 plebe
485 682 567 723 more
590 663 710 725 liuentis
732 682 835 743 aquae.

91 751 221 828 impiger
243 749 425 818 Antilochus,
448 747 618 808 Protbenor
640 750 769 826 itemque
793 750 899 808 Boetes

131 835 206 896 Tres
229 853 243 893 a
267 834 358 894 solius
381 832 519 893 Hectoris
543 850 612 892 ense
637 831 755 892 cadunt.
1003 841 1054 890 750

91 919 177 979 Certe
199 935 254 998 pro
278 918 388 978 timidis
410 919 609 978 intercessere
633 916 785 977 tenebrae.

132 1002 195 1063 Rex
215 1000 301 1080 jubet
321 1003 352 1061 in
375 1003 531 1080 proprium
555 1017 704 1079 quemque
728 1000 827 1060 redire
849 1000 956 1061 locum.

88 1214 306 1270 coutuntur
325 1213 460 1268 GRAECI
478 1212 601 1267 OMNES
624 1213 664 1267 IN
688 1211 868 1267 HECTORIS
886 1213 1053 1268 MORTEM.

91 1355 184 1416 Nocte
207 1363 293 1415 vocat
315 1371 457 1432 proceres
479 1357 681 1431 Agamemnon
705 1362 734 1413 et
756 1352 833 1412 inter
855 1353 975 1414 eosdem

133 1438 238 1518 Coepit
260 1437 297 1498 de
321 1436 390 1497 belli
412 1435 530 1498 volvere
554 1436 641 1498 verba
665 1446 751 1497 statu.

91 1523 168 1583 Eece
190 1522 305 1592 videtis,
328 1522 377 1589 ait,
402 1521 480 1600 quod
505 1530 624 1583 nostrae
647 1520 742 1598 gloria
764 1521 860 1598 gentis
1004 1530 1053 1579 755

133 1607 199 1667 iam
221 1605 301 1666 cadit
323 1604 362 1666 ob
384 1604 504 1679 validoS,
530 1609 580 1682 qui
603 1605 749 1674 cecidere,
773 1605 872 1665 duces

90 1689 227 1760 Quotidie
249 1691 379 1751 ruimus:
402 1690 464 1748 ruit
485 1688 563 1751 illico
587 1689 796 1750 Protbesilaus.

136 1774 187 1835 Est
208 1773 260 1835 ubi
282 1773 455 1834 Patroclus?
478 1780 611 1833 mortuus
633 1771 814 1833 Antilochus.

93 1858 130 1918 Et
152 1858 221 1936 quid
245 1858 282 1917 de
304 1856 400 1918 valido
420 1853 617 1926 Prothenbre,
641 1859 727 1917 cuins
749 1859 777 1916 in
801 1859 893 1916 armis

134 1944 216 2003 biens
238 1943 372 2002 animosa
395 1939 459 2011 luit,
483 1942 590 2021 quidve
614 1941 704 2001 boote
727 1941 851 2018 loquor?
1004 1950 1055 1999 ‘160

91 2025 156 2086 Non
180 2025 260 2096 mibi,
284 2027 309 2086 si
331 2024 449 2102 linguae
471 2033 590 2086 centum
613 2027 681 2100 sint,
706 2042 818 2104 oraque
841 2035 971 2101 centum,

134 2113 262 2171 Amissos
284 2126 425 2189 proceres
448 2127 624 2171 enumerare
646 2109 764 2189 queam.

91 2193 128 2255 Et
150 2193 226 2271 qnod
250 2194 287 2254 de
309 2192 397 2273 plebe
419 2197 576 2273 perierunt
597 2193 680 2256 milia
703 2194 798 2273 plura,

135 2278 177 2339 lie
199 2295 327 2338 numero
349 2277 428 2354 vulgi
451 2280 561 2338 mentio
585 2277 664 2339 nulla
689 2278 771 2338 mihi.

91 2363 233 2422 Venimus
255 2361 291 2421 ad
313 2361 459 2441 Phrygios
480 2361 583 2422 ulcisci
606 2361 715 2441 probra
738 2359 869 2429 colonos,
1005 2369 1054 2419 765

132 2446 307 2506 Tractamus
328 2463 383 2524 per
405 2464 495 2524 aquas
516 2446 700 2526 proficiendo
724 2443 796 2505 nibil

93 2531 169 2592 Dum
191 2530 310 2608 loquum
334 2547 405 2591 ecee
428 2529 550 2590 trabunt
570 2529 681 2607 rigidas
704 2530 834 2607 suspiria
858 2528 947 2588 libras

134 2613 172 2673 Et
192 2612 267 2674 bibit
288 2613 415 2674 interior
438 2615 535 2674 omnia
558 2613 648 2674 rerba
672 2613 766 2674 dolor.

92 2702 115 2756 A
139 2696 202 2758 solo
223 2698 352 2776 patimur
375 2698 431 2758 boe
454 2697 584 2758 dedecus
606 2697 743 2766 Hectore,
768 2697 896 2758 Graecas

132 2779 228 2851 Solus,
251 2781 327 2860 proh
350 2782 475 2842 lacinus!
498 2784 546 2842 vir·
564 2789 645 2842 secat
666 2783 723 2842 iste
745 2799 847 2858 genas.
1002 2790 1054 2839 tto

91 2865 256 2941 Consilium
278 2865 428 2944 praebete,
450 2865 550 2932 duces,
574 2866 684 2936 audite,
707 2866 778 2942 qnid
801 2868 858 2926 isto

130 2949 195 3010 Jam
219 2967 309 3028 super
331 2948 456 3010 articulo
478 2951 534 3010 sim
558 2949 720 3010 meditatus
742 2966 807 3026 ego.

90 3032 229 3094 Hectoris
251 3036 283 3094 in
305 3033 440 3114 jugulum
463 3031 605 3095 ferventis
629 3041 689 3095 tota
710 3032 850 3112 juventus

131 3117 238 3180 nonna
260 3119 422 3198 conspiret.
459 3116 589 3186 Dixerat,
613 3117 701 3198 idque
723 3117 826 3196 placet.

87 3289 143 3298 ...-
147 3287 285 3296 ...ιη-α,

157 3386 214 3442 748.
232 3402 305 3438 mors
323 3387 417 3441 fluent.
437 3401 481 3451 aq.
511 3384 561 3437 Or.
574 3387 625 3438 Ars
637 3387 689 3449 ΙΙΙ,
707 3387 752 3437 62.
821 3387 879 3436 752.
900 3383 1053 3448 emargino

88 3455 141 3506 loo.
159 3469 223 3520 pro:
240 3468 328 3506 suum.

137 3543 230 3586 Troilus.
844 3538 865 3586 *a
