2378 3810
107 167 150 232 38
348 168 411 218 Lib.
430 167 453 217 Ι.
490 183 516 220 v.
536 169 679 221 tao-801.
720 167 782 217 Lib.
801 168 836 218 ΙΙ.

151 322 217 382 Non
241 319 326 381 labor
349 328 470 380 excuset
491 321 546 380 ista
571 317 616 378 rel
638 317 716 378 ullus
739 318 845 379 bonor.

109 405 252 466 Exsiliant
275 404 382 484 quibus
405 422 487 464 arma
510 404 599 464 sudes
622 412 651 462 et
674 403 750 464 Daca
775 403 923 482 bipennis,
1028 414 1080 462 'too

115 533 117 537 <
152 490 333 566 Praecipites
355 491 483 557 veniant,
508 506 589 548 arma
613 486 755 567 cibosque
778 490 885 549 lerant.

108 574 215 634 Nostra
239 573 365 650 quiescit
387 575 418 632 in
441 571 498 631 boc
519 575 656 641 intentio,
679 573 729 633 liat
752 580 785 633 ut
806 571 875 632 inde

150 657 265 718 Praedo
288 655 459 726 dolorosus,
483 656 562 717 unde
585 654 704 716 dolosus
728 664 800 716 erat.

108 741 247 803 Mandato
271 740 366 802 facilis
390 741 520 802 Graecus
542 742 601 802 iam
624 739 732 802 militat
754 742 861 810 omnis,

151 826 356 905 lnproperant,
382 826 495 886 cunctis
517 826 555 884 sit
576 827 646 903 quia
668 825 743 885 cilra
767 825 869 903 pigris.
1027 834 1077 882 795

108 911 186 971 Stiva
210 909 313 971 relicta
335 908 421 970 rubis
442 911 581 987 queritur
603 926 722 969 cessare
743 909 868 987 ligones,

149 995 312 1056 Radicosus
334 996 399 1070 agri
420 994 532 1055 deserit
553 1011 634 1054 arma
657 994 745 1055 cicer.

108 1079 259 1140 Conllatnr
281 1078 395 1158 gladius
419 1098 455 1139 ex
477 1096 607 1146 vomere,
630 1078 732 1139 lancea
755 1076 848 1139 lalsae

152 1165 283 1225 Deseruit
305 1162 406 1242 galeae
429 1166 512 1224 lurca
535 1161 642 1223 tenella
665 1171 777 1242 strepe.

108 1248 185 1320 Quid
208 1249 322 1309 moror!
366 1248 400 1308 ln
423 1246 534 1308 bellum
558 1249 652 1307 currit
673 1265 741 1308 cnm
764 1246 858 1308 milite
880 1244 995 1324 vulgus,
1024 1255 1077 1304 800

151 1332 204 1391 Vir
227 1340 359 1392 remanet
384 1349 487 1391 serere
509 1333 561 1410 qui
584 1330 647 1390 leve
670 1333 763 1410 possit
785 1330 857 1391 olus.

422 1515 533 1576 LlBER
556 1515 759 1581 SECUNDUS.

248 1662 437 1719 INCIPIUNT
457 1662 636 1719 CAPITULA
653 1661 809 1718 SECUNDI
827 1661 932 1716 LIBRI.

109 1784 239 1864 Scriptat
261 1789 317 1847 iste
343 1787 434 1847 duces
458 1794 487 1847 et
509 1804 598 1846 naves
620 1788 712 1846 mittit
733 1785 872 1854 Athenas

107 1873 149 1932 lle
172 1890 242 1932 casu
265 1870 371 1951 'lrojae
398 1872 520 1933 Graecis
541 1870 704 1949 respondet
725 1868 840 1948 Apollo.

107 1959 131 2017 Α
153 1956 311 2017 Calchante
333 1965 415 2017 rates
438 1956 605 2015 retinentur
626 1956 658 2013 in
680 1952 794 2016 Aulide.
838 1953 885 2014 Fit
906 1970 958 2013 rex

107 2039 141 2099 lu
165 2040 254 2117 Mysia
278 2038 436 2118 Telephus,
459 2038 660 2118 Helenamque
682 2039 815 2116 reposcit
837 2037 945 2098 Ulixes
980 2043 983 2047 ’

107 2122 264 2184 velificant
287 2123 387 2199 bauai,
411 2122 574 2183 delendunt
596 2122 696 2184 littora
720 2123 840 2183 Teucri.
1058 2132 1075 2177 5

109 2207 273 2269 Protesilao
296 2208 391 2268 cadis!
438 2207 570 2284 Surgunt
592 2210 719 2268 tentoria
742 2225 839 2268 mane.

107 2293 206 2354 Altera
230 2308 327 2372 pugna
351 2292 437 2360 lurit;
460 2291 630 2353 Patroclum
654 2293 741 2353 tertia
765 2294 881 2353 sternit.

107 2377 197 2438 Fiunt
219 2379 337 2454 cognati
359 2385 525 2457 pugnantes
545 2377 657 2437 Hector
678 2385 708 2437 et
729 2374 811 2455 Ajax.

108 2462 167 2522 Pax
192 2464 277 2523 annis
301 2463 385 2523 binis.
433 2463 591 2541 Sceptrum
614 2463 658 2520 vir
680 2459 825 2540 Nauplius
847 2461 949 2522 ambit.

111 2547 239 2606 Saucius
261 2565 277 2606 a
300 2546 408 2607 Paride
430 2547 581 2607 Menelaus
604 2554 699 2606 castra
722 2544 878 2606 subintrat.
1042 2555 1076 2604 10

175 2785 234 2836 790.
251 2782 346 2834 Gualt.
366 2781 443 2834 Alex.
463 2783 485 2844 I,
503 2784 553 2833 256

209 2852 351 2901 instaurat
369 2851 469 2915 quibus
486 2864 562 2899 arma
579 2847 660 2899 sudes
679 2851 707 2897 et
724 2848 801 2898 Doce
818 2848 954 2913 bipennis.

107 2922 164 2972 792.
185 2935 198 2969 o
217 2919 344 2984 margine
362 2917 504 2983 prounde.
558 2917 615 2966 796.
629 2916 670 2965 at.
689 2914 799 2964 Gnaltb.
812 2915 892 2967 Alex.
906 2915 958 2979 111,
971 2916 1029 2967 41⁷.
1043 2916 1075 2966 18

259 3013 292 3023 -
310 3013 343 3022 -
361 3012 394 3021 —
412 2985 539 3050 queritur
558 2997 668 3033 cessare
687 2981 797 3047 ligones

259 3054 413 3104 Radioosus
432 3068 499 3117 ager
517 3056 546 3101 et
564 3051 690 3101 sentibus
708 3048 800 3099 obsita
817 3049 908 3103 tellus.

109 3124 167 3173 798.
189 3138 201 3171 a
221 3121 344 3185 margine
362 3136 411 3186 pro
430 3118 491 3172 cod.
515 3123 605 3183 stupe.
676 3118 820 3168 tot-801.
845 3117 968 3168 Imitatio
992 3112 1075 3171 ovid.

107 3192 184 3240 Fast.
202 3190 225 3253 1,
244 3191 293 3240 697
313 3203 368 3253 seq.

260 3283 293 3291 -
311 3281 345 3290 —
361 3280 395 3291 -
414 3257 475 3305 erat
494 3252 586 3317 aptior
605 3253 680 3303 ensis

175 3326 304 3376 Vomere:
324 3322 442 3374 cedebat
458 3326 554 3371 murus
573 3323 665 3370 arator
683 3335 763 3384 equo.

143 3392 259 3444 Sarcnla
276 3391 435 3442 cessabant:
454 3388 583 3451 versique
600 3387 629 3435 in
647 3384 706 3450 pila
723 3386 831 3451 ligones

178 3462 318 3523 Factaque
335 3457 370 3507 de
389 3456 472 3506 rastri
490 3453 609 3520 pondere
628 3455 718 3506 cassis
737 3458 807 3506 erat.
