2378 3810
1050 106 1072 171 5

168 264 234 325 Non
257 270 381 342 propter
403 260 524 340 Trojam
548 258 710 340 Trojanum
733 259 866 321 scribere
888 260 1000 322 bellom

210 349 268 409 but
291 347 451 425 Phrygium
474 347 560 425 coepi
575 338 744 412 ¹sollicitare
767 345 883 425 stylum,

127 440 132 451 “
168 433 226 495 Sed
250 431 356 492 ductus
379 430 500 491 meliore
523 432 569 490 via
592 448 781 510 compescere
804 448 911 508 pravos

211 518 247 577 Et
268 534 388 576 serrare
411 515 459 576 dei
481 513 542 574 vult
563 515 604 574 in⁴
618 530 720 576 amore
741 514 814 595 pios

168 602 258 664 Grata
281 599 409 663 medulla
431 599 503 661 latet
525 601 606 660 omni
629 598 683 661 sub
707 601 817 661 cortice
841 617 941 660 rernm

210 687 247 747 Et
269 686 408 747 nucleum
430 684 507 745 celat
529 683 612 746 arida
635 691 709 746 testa
732 684 855 746 bonurn.

168 771 228 833 Nos
252 771 339 832 docet
359 769 494 831 Herodes
516 771 593 830 siout
616 768 742 848 baptista
766 770 897 831 loannes

212 855 318 916 Erudit
339 854 390 915 ille
412 855 515 924 honos,
539 855 658 916 territat
678 853 729 915 ille
752 855 853 916 malos.

190 940 279 1002 Teste
303 941 390 1001 etiam
406 937 564 999 Aristotele
587 939 697 999 malum
722 951 779 1000 non
796 947 894 1018 potest
910 940 996 1001 vitari
1011 942 1070 1001 nisi

106 1027 275 1105 cognitum:
299 1023 376 1085 malo
400 1024 547 1104 siquidem
570 1026 688 1102 cognito
712 1023 782 1084 ielix
804 1031 849 1084 est
872 1026 922 1100 qui
945 1023 1073 1085 declinat

105 1130 121 1172 a
145 1109 221 1172 malo
245 1116 275 1170 et
296 1110 367 1170 iacit
388 1108 500 1169 bonum
525 1110 627 1188 etqui
650 1107 774 1169 aliorum
798 1126 899 1169 casum
922 1108 981 1170 sibi
1001 1127 1072 1170 con·

105 1196 201 1257 sliluit
223 1196 452 1256 firmamentum.
498 1190 666 1272 horatius1)

171 1278 265 1349 Felix,
289 1273 378 1359 quem
402 1279 514 1339 iaciunt
536 1278 630 1339 aliena
654 1276 785 1355 pericula
809 1285 928 1340 cautum

105 1372 135 1426 et
156 1364 296 1441 Virgilius
321 1362 443 1444 [Georg.
468 1362 502 1431 ll,
519 1359 590 1424 *490
611 1357 687 1446 squ]

170 1448 253 1510 Felix
276 1450 325 1526 qni
347 1451 444 1526 potnit
466 1465 568 1508 rerum
591 1464 773 1526 cognoscere
797 1464 913 1516 causas;

155 1536 262 1609 ‚Atque
284 1541 382 1595 metus
405 1547 508 1593 omnes
532 1540 561 1593 et
584 1530 767 1594 inexorabile
790 1530 882 1593 iatum

169 1617 300 1696 Sobjecit
322 1616 463 1695 pedihus;

190 1702 275 1763 Unde
305 1710 334 1763 et
361 1700 438 1762 liber
466 1703 522 1762 iste
549 1700 645 1761 ethice
668 1702 812 1775 sumitur,
840 1702 909 1778 quia
931 1702 1002 1762 vitia
1024 1721 1073 1762 re-

105 1785 296 1866 prehendens
319 1794 349 1846 et
371 1784 408 1848 ab
432 1786 477 1846 his
500 1785 651 1846 auditores
673 1785 844 1846 absterrens
859 1786 941 1864 ipsos
962 1785 998 1846 ad
1014 1788 1074 1845 vir-

106 1880 201 1932 tutum
224 1872 366 1932 exercitia
390 1870 572 1932 cohortatur.
618 1869 821 1949 Reprehendit
841 1871 920 1930 enim
944 1871 973 1929 in
992 1870 1072 1932 Pelia

106 1955 260 2025 invidiam,
283 1958 314 2016 iu
337 1955 444 2016 Paride
468 1963 497 2017 et
518 1955 632 2018 llelena
655 1953 858 2034 petulantiam,
883 1957 914 2015 iu
937 1971 1073 2036 pugnari·
1169 2012 1172 2022 ,

106 2039 185 2100 tibus
206 2038 425 2108 truculentiam,
450 2041 481 2100 iu
503 2038 661 2102 Palamede
677 2039 879 2108 ambitionem,
903 2041 934 2100 in
950 2039 1073 2101 Hecuba

106 2124 307 2195 dolositatem,
338 2125 368 2184 in
397 2129 496 2186 horrea
524 2131 553 2184 et
581 2126 673 2187 sociis
700 2126 761 2185 suis
783 2123 939 2204 perfidiam
962 2132 991 2185 et
1014 2132 1073 2186 tra-

107 2207 263 2278 ditionem,
287 2209 317 2268 iu
341 2210 469 2286 utroque
493 2212 625 2271 exercitu
650 2212 735 2282 iram,
760 2210 860 2270 odium
885 2217 914 2270 et
929 2210 1073 2270 lurorem.

105 2294 143 2355 Et
171 2312 207 2354 ex
234 2292 290 2353 hoc
308 2293 430 2374 ,ethicae
454 2295 559 2357 merito
583 2296 710 2355 sumitur
739 2293 817 2371 quod
846 2294 962 2353 ratione
985 2312 1073 2374 prae·
1129 2341 1132 2349 .

105 2377 183 2439 diota
216 2394 334 2438 morum
363 2385 407 2438 est
435 2385 464 2438 et
492 2378 639 2439 bonorum
669 2395 794 2455 operum
822 2378 1014 2449 instructius,
1044 2385 1074 2439 et

108 2460 186 2541 quod
210 2479 282 2521 voce
304 2461 475 2541 philosophi
497 2461 660 2541 jucundum
685 2460 760 2522 nihil
776 2469 828 2532 est,
852 2463 911 2522 nisi
926 2463 1006 2542 quod
1025 2481 1074 2523 re·

106 2547 168 2607 licit
196 2547 334 2607 varietas.
379 2549 489 2607 ductor
523 2546 602 2607 idem
635 2565 711 2626 opus
743 2564 795 2607 sex
831 2545 1074 2609 distinctionibus

105 2631 243 2700 variavit,
275 2637 335 2691 tum
364 2649 420 2709 pro
448 2650 482 2691 eo
507 2638 543 2691 ut
569 2631 735 2692 auditorem
759 2630 889 2693 brevitas
911 2633 1074 2694 instrueret

106 2713 231 2785 facilius,
255 2733 323 2775 cum
346 2732 402 2794 pro
426 2733 460 2776 eo
485 2723 517 2775 ut
531 2715 692 2786 idemtitas,
715 2734 791 2795 quae
806 2733 876 2776 rara
896 2724 941 2778 est
956 2720 1072 2786 satieta,

105 2797 224 2878 legendi
245 2798 376 2861 taedlum
399 2817 460 2860 non
482 2800 617 2862 inlerret.

191 2884 223 2944 ln
252 2882 350 2944 fronte
379 2882 538 2962 cujuslibet
572 2883 773 2945 distinctionis
801 2883 941 2962 generale
973 2886 1073 2964 posuit

104 2965 185 3029 illins
213 2974 242 3029 et
269 2965 349 3029 illius
378 2967 569 3049 proverbium
594 2971 710 3030 teniore
732 2969 836 3039 modo,
866 2970 945 3049 quod
969 2969 1072 3030 cadem

105 3053 238 3113 continet
268 3051 419 3114 distinctio
452 3051 593 3115 nobiliter
626 3056 875 3132 impraegnatum.
918 3053 1013 3115 Etiam
1042 3055 1073 3113 in

107 3137 204 3216 capite
227 3134 297 3197 libri
319 3136 467 3216 quoddam
497 3136 688 3217 proverbium
711 3137 821 3206 Ovidii,
851 3138 929 3217 quod
957 3141 1073 3217 specia-

174 3337 202 3402 1)
219 3339 299 3390 Haec
316 3353 372 3390 non
390 3338 464 3405 opud
482 3338 642 3400 Horatium,
662 3338 784 3389 fortasse
796 3339 884 3389 nostri
896 3343 960 3388 suut
973 3319 1080 3388 otimi-

106 3407 177 3457 tetio
190 3406 314 3458 Plautini
326 3407 404 3457 dicti:
424 3406 557 3457 Felioiler
571 3408 656 3474 sopit,
672 3405 832 3473 quinimmo
850 3403 986 3470 pstremo
1005 3403 1104 3460 Μὴ.
