2378 3810
155 168 195 233 76
454 169 518 222 Lib.
535 169 587 221 111.
622 185 649 220 v.
667 169 810 220 tat-194.

154 323 198 384 Ad
221 332 330 399 pausas
351 339 368 381 a
391 328 491 398 strage
513 337 618 381 manus
639 328 710 380 tunc
732 321 829 399 primo
850 326 982 388 vocatur,
1037 366 1045 383 .

198 407 326 484 vaginas
346 414 463 466 veteres
484 404 582 466 induit
602 406 682 464 ensis
702 402 806 464 hebes.

156 490 278 568 Trojani
300 488 419 568 Trojam
441 488 572 550 subcunt
593 486 703 548 sudore
724 489 842 564 nigrati,

198 573 350 651 Sanguine
371 576 535 651 conspersi,
559 570 708 632 debilitate
729 571 816 650 pigri.
1073 579 1128 627 tro

157 659 259 719 Castra
282 665 388 735 petunt
409 658 515 720 Graeci
536 655 712 733 Phrygibus,
734 657 759 714 si
781 652 896 731 singula
918 671 1036 732 penses,

198 741 360 819 Sanguine,
384 741 502 809 sudore,
525 739 677 800 debilitate
700 755 798 816 pares.

387 968 511 1023 VERBA
527 967 636 1023 REGIS
655 966 888 1023 GRAECORUM.

155 1108 223 1170 Rex
248 1108 381 1169 Danaum
404 1106 547 1187 loquitur:
571 1105 728 1167 Trabeatis
751 1124 816 1167 esse
839 1109 996 1168 cruentum

200 1191 233 1252 ln
257 1191 345 1252 bellis
367 1192 442 1253 vitae
465 1192 640 1252 continuare
661 1198 781 1251 statum.

156 1276 273 1336 luterea
295 1276 440 1354 queritur,
464 1278 529 1352 quis
550 1283 651 1335 tantae
674 1275 807 1351 pondera
829 1273 917 1334 mulis
1074 1284 1125 1333 175

200 1357 325 1437 Semper
349 1357 393 1418 vel
416 1356 510 1418 valeat
531 1357 576 1418 rel
599 1357 728 1419 tolerare
750 1357 829 1419 velit.

156 1441 246 1502 llillia
269 1439 371 1510 multa,
395 1442 497 1511 refert,
521 1460 538 1501 e
560 1444 670 1503 nestris
693 1450 785 1503 strata
808 1440 912 1501 ridetis

201 1524 379 1586 Intumulata
400 1525 509 1604 jacent,
532 1527 599 1605 quis
622 1527 749 1606 sepelire
771 1527 886 1606 petest?

158 1609 272 1670 Lunam
296 1608 439 1679 consiliis,
461 1609 555 1670 solem
578 1612 781 1671 consumimus
803 1611 905 1684 armis,

203 1692 239 1753 Et
261 1710 412 1771 nunquam
435 1711 577 1773 proceres
598 1692 711 1772 absque
731 1693 835 1754 labore
857 1710 969 1754 sumus.
1075 1703 1128 1751 180

158 1781 193 1838 At
218 1779 268 1856 qui
290 1780 333 1837 ris
355 1779 438 1839 coeio
460 1781 581 1856 tegitur,
605 1781 656 1857 qui
677 1776 850 1838 nonhabet
872 1793 988 1846 urnam,
1037 1814 1043 1832 ,

199 1860 389 1940 Sarcopbago
411 1862 490 1933 solis,
514 1861 580 1941 plus
603 1861 680 1923 valet
700 1878 774 1922 urna
797 1858 862 1921 suli.

157 1944 274 2006 llertua
299 1944 417 2007 delesse
439 1945 616 2006 clauduntur
638 1945 772 2007 membra
795 1943 965 2023 sepulchre,

200 2028 244 2089 Ne
266 2028 363 2090 laedat
385 2031 465 2089 rives
487 2029 554 2090 tabe
576 2029 672 2090 soluta
695 2047 780 2089 carc:

160 2112 245 2173 Unde
268 2111 364 2180 decet,
387 2121 508 2174 nostros
528 2121 562 2174 ut
584 2113 791 2175 subterremus
812 2113 932 2182 amicos,
1076 2121 1127 2170 185

205 2194 276 2257 Cum
301 2194 410 2275 quibus
432 2205 462 2257 et
484 2199 620 2274 quanddl
641 2197 809 2278 quomedo?
830 2203 947 2276 tempus
969 2194 1068 2266 abest;

159 2280 265 2360 Nilque
287 2281 403 2342 reterre
424 2283 496 2348 scio,
520 2282 664 2344 tabesne
687 2281 829 2342 cadavera
852 2278 955 2349 seirat,

201 2369 244 2426 An
269 2381 342 2443 rogo
364 2372 489 2426 urentur
509 2373 645 2445 tempore
667 2384 726 2445 quo
747 2364 793 2425 vel
815 2364 885 2425 ubil

159 2447 342 2512 Vulneribus
363 2451 428 2511 lleri
450 2449 575 2510 deberet
597 2449 682 2511 docta
705 2448 830 2518 medela,

200 2533 291 2594 Docta
313 2533 365 2594 sed
388 2541 418 2595 ct
439 2533 536 2595 subita
560 2533 666 2595 damna
688 2535 825 2594 trahente
847 2548 941 2593 mora.
1075 2540 1128 2589 190

160 2616 235 2686 l’ldl,
258 2615 336 2696 quod
358 2619 458 2678 luerat
479 2619 576 2697 primo
599 2616 743 2687 curabile,
764 2615 871 2678 vulnus

198 2698 387 2778 dilatumque
408 2718 511 2762 morae
530 2702 639 2762 damna
661 2700 766 2763 tulisse
787 2719 868 2761 suae.

158 2783 190 2846 st
212 2783 311 2846 minus
333 2783 455 2846 edoctus
477 2788 647 2846 tractaverit
667 2783 717 2846 illa
740 2783 909 2862 chirurgus,

201 2867 272 2931 Sors
294 2870 371 2931 maia
394 2869 438 2930 rel
461 2868 548 2948 pejor
569 2871 697 2949 pessima
720 2869 820 2929 forsan
843 2870 909 2928 erit.

156 3020 306 3032 naum-ma·
317 3022 321 3029 ι
330 3021 342 3029 .-

231 3103 289 3155 l'lb.
308 3100 419 3169 Margo:
439 3103 574 3154 trabeatis
593 3105 612 3153 i.
632 3118 656 3154 e.
668 3103 808 3154 nobilibus
820 3102 865 3154 val
878 3100 1051 3167 principibus
1063 3102 1131 3165 quia

157 3168 257 3222 inber
279 3174 323 3222 erl
344 3173 432 3223 restis
454 3171 621 3236 principum.
689 3172 747 3221 181.
765 3172 836 3220 Luc.
854 3169 951 3222 Phara.
974 3167 1037 3230 VII,
1060 3170 1126 3219 ata:

157 3235 235 3291 coelo
253 3238 368 3305 tegitur,
387 3239 433 3304 qui
451 3253 505 3288 non
524 3236 610 3288 habet
627 3252 734 3287 urnam.
805 3239 861 3287 191.
880 3237 922 3291 92.
941 3234 992 3287 Ov.
1011 3234 1147 3286 Remed-

158 3306 259 3364 1011
296 3303 359 3357 vidi
377 3321 439 3372 ego,
457 3305 529 3371 quod
547 3305 633 3370 primo
652 3305 745 3355 fuerat
763 3304 901 3367 sanabile,
919 3301 1020 3354 vulnus

327 3371 453 3424 Dilatum
471 3371 573 3438 longua
591 3371 691 3423 damna
708 3370 809 3423 tulisse
826 3385 929 3424 morae.

159 3442 216 3493 m.
234 3436 360 3493 Dilatum
378 3456 412 3491 ex
432 3439 530 3491 Ovidis
547 3454 596 3505 pro
614 3440 702 3489 nostri
720 3437 843 3489 Vilatum
861 3438 1010 3504 posuimus.
