2378 3810
413 179 477 233 cu.
493 178 545 236 111.
580 195 607 230 v.
625 146 768 236 roa-rm.

214 358 761 416 717000170007777770170707007
779 360 969 418 Bucconis<
1069 402 1072 406 »

109 470 168 532 Pax
193 477 257 530 erat
280 474 309 527 et
330 465 433 527 retulit
453 469 524 526 anui
547 466 692 528 revolutio
714 470 839 538 tristem,
1027 477 1077 528 705

150 554 260 614 Hector
282 553 466 628 Avernigera
488 570 546 630 quo
570 550 638 612 tulit
659 570 750 623 arma,
775 550 862 613 diem.

107 637 230 700 Hecuba
254 654 321 696 cum
344 636 461 696 Priamo
483 634 691 715 tumulumque
715 636 862 717 Polyxena
885 637 982 697 visunt

151 725 190 785 Ut
213 721 365 782 celebrent
388 738 507 780 carmen
530 721 657 782 funebre
677 740 759 781 more
781 740 852 792 suo;

107 809 145 868 Et
167 805 367 885 Trojanorum
390 805 522 882 potiores
543 807 574 864 in
598 808 738 867 comitatu

151 893 226 953 Sunt
247 892 337 950 etiam
359 887 428 948 talis
451 888 555 949 lunera
578 890 652 951 llere
675 894 743 951 7777.
901 943 903 946 ⁴
1027 899 1078 948 710

109 977 290 1038 Graecorum
311 974 436 1051 juvenes
458 983 630 1039 accurrunt,
655 974 703 1035 his
726 985 755 1035 et
777 973 906 1035 Achilles

103 1069 105 1074 '
150 1060 313 1121 intendens
336 1058 431 1118 oculis
454 1076 525 1118 vana
549 1059 648 1118 videre
670 1060 759 1136 vagis.

110 1146 252 1224 Corporis
275 1149 318 1202 est
341 1143 444 1202 oculus
467 1141 543 1211 talis,
567 1142 645 1220 quod
669 1145 776 1202 mentis
800 1143 937 1211 ocellum,

150 1226 189 1290 Ni
210 1229 294 1305 70000,
308 1244 340 1286 00
362 1225 489 1290 claudat.
514 1224 672 1287 exoculare
695 1226 779 1288 00707.

108 1314 157 1374 Sic
180 1330 237 1373 corv
254 1328 416 1391 corporeus
437 1309 555 1371 Pelidae
578 1319 679 1373 700007
700 1313 822 1381 0007700,
1026 1322 1075 1370 717

150 1399 188 1458 Ut
210 1399 304 1456 visum
328 1397 432 1475 perdat
454 1413 539 1456 mens
562 1395 676 1457 oculata
699 1398 791 1475 prius.

109 1482 199 1560 Cujus
222 1481 335 1541 tiresiat
357 1483 400 1541 sic
422 1483 481 1541 7700
506 1479 653 1560 Polyxena
676 1488 789 1559 pectus,

150 1568 294 1627 Transeat
316 1573 349 1626 ut
371 1583 458 1626 caeca
482 1574 617 1644 tempora
640 1574 740 1627 mente
762 1567 830 1626 tria.

111 1651 167 1722 Qui
190 1653 301 1710 totiens
323 1649 428 1718 000700,
454 1651 563 1709 totiens
585 1650 749 1726 perterruit
771 1650 880 1719 hostes,

153 1736 244 1795 lactat
266 1731 321 1791 sub
345 1740 467 1791 teneros
489 1735 577 1792 unica
600 1733 683 1810 virgo
705 1733 806 1809 pedes.
1027 1743 1077 1793 720

110 1820 162 1878 Vir
185 1817 298 1877 laculas
321 1817 446 1874 Veneris
468 1822 589 1893 portans
612 1819 643 1874 in
667 1816 766 1893 pixide
788 1816 896 1886 cordis,

151 1902 216 1962 Non
241 1898 400 1959 cerebrum
424 1916 538 1967 somno,
563 1917 618 1959 nec
642 1899 720 1959 70707
743 1917 794 1959 070
817 1900 893 1960 cibo.

107 1986 222 2046 Incedit
244 1984 336 2044 mulla
361 1983 540 2052 meditando,
565 2001 659 2061 pauca
682 1984 839 2064 loquendo,

152 2070 200 2130 Sic
222 2076 308 2129 tener
332 2086 455 2128 ausuros
477 2068 602 2146 grandia
625 2066 735 2146 frangit
758 2087 850 2130 amor.

107 2156 252 2216 Luctatus
274 2170 386 2222 secum,
409 2155 526 2214 ratione
547 2152 651 2230 lugere
674 2153 807 2214 furorem
1027 2162 1076 2212 725

156 2241 192 2300 Et
214 2238 289 2300 valet
313 2246 341 2296 et
364 2255 423 2298 non
446 2237 517 2306 vult,
541 2239 600 2298 vult
624 2239 807 2317 minimeque
831 2237 915 2298 70707.

113 2323 182 2384 Vult
204 2324 335 2383 animum
357 2330 468 2398 tegere,
492 2338 552 2381 non
574 2323 705 2401 prodest,
729 2323 790 2382 vult
812 2324 938 2400 aperire.

153 2406 212 2467 Sed
235 2408 304 2468 cuii
328 2424 386 2467 non
411 2407 515 2485 aperit,
538 2407 589 2466 sed
613 2408 708 2482 magis
731 2409 796 2484 ipse
819 2409 902 2483 tegit.

108 2491 142 2552 ln
167 2511 198 2552 se
222 2494 340 2553 fervere
364 2491 439 2552 solet
460 2491 558 2550 acrius
581 2488 698 2550 abditus
720 2491 805 2567 ignia,

181 2659 239 2708 700.
251 2653 390 2724 Marginia
404 2657 542 2708 scholion:
562 2656 733 2721 Avernigera
747 2673 828 2717 arma,
842 2659 908 2722 quia
923 2674 982 2709 eum
995 2660 1077 2710 duxe-

108 2732 172 2776 runt
190 2727 218 2773 iu
236 2725 383 2788 Avernum,
404 2725 473 2790 quod
491 2725 632 2776 derivatur
649 2727 681 2775 cb
700 2741 717 2774 a
735 2727 807 2789 quod
827 2726 886 2777 sine
906 2731 934 2777 et
950 2742 1010 2789 707,
1030 2728 1076 2776 de—

108 2793 237 2855 lectatio,
266 2795 347 2858 00007
372 2794 433 2843 eine
460 2793 658 2845 delectatione.
745 2796 802 2844 710.
819 2798 839 2848 t.
861 2810 911 2858 pro
935 2795 996 2845 cod.
1015 2794 1076 2844 tali.

109 2863 167 2916 713,
189 2861 227 2910 74.
248 2861 298 2912 cfr.
316 2859 398 2909 Alun.
415 2860 520 2912 Anticl.
539 2860 588 2910 lib.
607 2860 647 2910 VI
665 2858 705 2925 (p.
725 2860 768 2922 95)
788 2861 835 2912 lin.
854 2864 879 2914 0.
900 2863 932 2912 10

227 2927 281 2978 Sed
300 2926 430 2990 quamvis
445 2928 541 2978 oculus
559 2929 661 2978 mentis
680 2928 854 2992 resplendeat
872 2929 956 2990 intra,

226 2994 397 3058 Languescit
414 2998 506 3044 tamen
526 2996 650 3050 exterior.
669 3022 702 3030 —

109 3065 167 3116 718.
186 3063 321 3128 Marginis
339 3060 476 3111 scholion:
495 3062 549 3111 tria
568 3070 700 3128 tempora,
718 3077 815 3127 nempe
835 3077 979 3128 praesent,
997 3078 1076 3131 prae·

107 3132 220 3181 teritum
240 3137 268 3180 et
287 3131 423 3192 futurum,
437 3129 627 3193 'praeteritum
645 3130 776 3183 oblivioni
793 3130 924 3194 tradidit,
943 3146 1075 3196 praesens

108 3214 162 3249 non
184 3199 306 3260 curavit,
335 3198 458 3248 futurum
474 3211 530 3246 nou
547 3199 698 3262 prospexit,
810 3200 867 3254 777,
887 3197 952 3248 Cod.
972 3213 1076 3262 regere.

108 3268 167 3320 779.
188 3266 239 3317 07.
257 3267 323 3320 Met.
341 3266 389 3329 IV,
408 3265 441 3314 64

195 3336 309 3398 Quoque
328 3334 416 3398 magis
434 3331 546 3396 tegitur,
566 3335 646 3382 tanto
664 3333 753 3397 mugio
772 3337 885 3384 aestuat
902 3333 983 3399 ignis.

107 3399 244 3466 Pamphil.
264 3403 286 3465 1,
305 3403 337 3452 tt
356 3428 389 3438 —
408 3427 439 3437 —
457 3425 491 3435 -
509 3415 572 3449 nam
591 3399 718 3450 conditus
738 3400 811 3466 ignis
880 3396 885 3406 “

310 3468 417 3532 Acrior,
437 3466 540 3518 effusus
558 3467 667 3532 parcior
686 3483 748 3519 0000
767 3467 848 3520 colet.
