<?xml version="1.0" encoding="UTF-8"?>
<!DOCTYPE html PUBLIC "-//W3C//DTD XHTML 1.0 Transitional//EN"
    "http://www.w3.org/TR/xhtml1/DTD/xhtml1-transitional.dtd">
<html xmlns="http://www.w3.org/1999/xhtml" xml:lang="en" lang="en">
 <head>
  <title>
</title>
<meta http-equiv="Content-Type" content="text/html;charset=utf-8" />
  <meta name='ocr-system' content='tesseract 3.04.00' />
  <meta name='ocr-capabilities' content='ocr_page ocr_carea ocr_par ocr_line ocrx_word'/>
</head>
<body>
  <div class='ocr_page' id='page_1' title='image "./troilus00hildgoog_0097.png"; bbox 0 0 2378 3810; ppageno 0'>
   <div class='ocr_carea' id='block_1_1' title="bbox 106 127 774 203">
    <p class='ocr_par' dir='ltr' id='par_1_1' title="bbox 106 127 774 203">
     <span class='ocr_line' id='line_1_1' title="bbox 106 127 774 203; baseline 0.001 -22"><span class='ocrx_word' id='word_1_1' title='bbox 106 127 147 190; x_wconf 78' lang='lat'>72</span> <span class='ocrx_word' id='word_1_2' title='bbox 427 131 489 183; x_wconf 79' lang='lat' dir='ltr'>nan.</span> <span class='ocrx_word' id='word_1_3' title='bbox 508 131 559 182; x_wconf 91' lang='lat'>111.</span> <span class='ocrx_word' id='word_1_4' title='bbox 595 147 621 181; x_wconf 75' lang='lat' dir='ltr'>v.</span> <span class='ocrx_word' id='word_1_5' title='bbox 640 133 774 203; x_wconf 58' lang='lat' dir='ltr'>or-es„</span> 
     </span>
    </p>
   </div>
   <div class='ocr_carea' id='block_1_2' title="bbox 105 281 1024 2128">
    <p class='ocr_par' dir='ltr' id='par_1_2' title="bbox 105 281 1024 1284">
     <span class='ocr_line' id='line_1_2' title="bbox 105 281 819 360; baseline 0.004 -19"><span class='ocrx_word' id='word_1_6' title='bbox 105 284 223 341; x_wconf 83' lang='lat' dir='ltr'>hereos</span> <span class='ocrx_word' id='word_1_7' title='bbox 245 286 368 350; x_wconf 81' lang='lat' dir='ltr'><strong>Aeneas,</strong></span> <span class='ocrx_word' id='word_1_8' title='bbox 393 281 477 360; x_wconf 86' lang='lat' dir='ltr'>cujus</span> <span class='ocrx_word' id='word_1_9' title='bbox 501 290 590 359; x_wconf 89' lang='lat' dir='ltr'>caput</span> <span class='ocrx_word' id='word_1_10' title='bbox 611 301 703 343; x_wconf 89' lang='lat' dir='ltr'>aenea</span> <span class='ocrx_word' id='word_1_11' title='bbox 726 285 819 357; x_wconf 81' lang='lat' dir='ltr'>cassis</span> 
     </span>
     <span class='ocr_line' id='line_1_3' title="bbox 151 362 1024 444; baseline 0.005 -20"><span class='ocrx_word' id='word_1_12' title='bbox 151 366 295 443; x_wconf 82' lang='lat' dir='ltr'>Protegit,</span> <span class='ocrx_word' id='word_1_13' title='bbox 319 367 349 424; x_wconf 92' lang='lat' dir='ltr'>in</span> <span class='ocrx_word' id='word_1_14' title='bbox 371 365 538 444; x_wconf 80' lang='lat' dir='ltr'>Phrygibus</span> <span class='ocrx_word' id='word_1_15' title='bbox 560 368 645 428; x_wconf 88' lang='lat' dir='ltr'>tirma</span> <span class='ocrx_word' id='word_1_16' title='bbox 669 366 809 428; x_wconf 90' lang='lat' dir='ltr'>columna</span> <span class='ocrx_word' id='word_1_17' title='bbox 830 369 899 430; x_wconf 89' lang='lat' dir='ltr'>luit.</span> <span class='ocrx_word' id='word_1_18' title='bbox 984 416 986 421; x_wconf 94' lang='lat'><em>.</em></span> <span class='ocrx_word' id='word_1_19' title='bbox 1021 362 1024 367; x_wconf 74' lang='grc'><strong>’</strong></span> 
     </span>
     <span class='ocr_line' id='line_1_4' title="bbox 108 448 780 530; baseline 0.006 -22"><span class='ocrx_word' id='word_1_20' title='bbox 108 449 145 509; x_wconf 85' lang='grc' dir='ltr'>Ηί</span> <span class='ocrx_word' id='word_1_21' title='bbox 168 450 226 509; x_wconf 89' lang='lat' dir='ltr'>duo</span> <span class='ocrx_word' id='word_1_22' title='bbox 251 448 396 528; x_wconf 88' lang='lat' dir='ltr'>Trojanos</span> <span class='ocrx_word' id='word_1_23' title='bbox 419 449 558 518; x_wconf 87' lang='lat' dir='ltr'>educunt,</span> <span class='ocrx_word' id='word_1_24' title='bbox 581 450 662 512; x_wconf 91' lang='lat' dir='ltr'>illico</span> <span class='ocrx_word' id='word_1_25' title='bbox 683 454 780 530; x_wconf 88' lang='lat' dir='ltr'>portis</span> 
     </span>
     <span class='ocr_line' id='line_1_5' title="bbox 151 534 829 614; baseline 0.004 -20"><span class='ocrx_word' id='word_1_26' title='bbox 151 534 328 612; x_wconf 83' lang='lat' dir='ltr'>Erumpunt,</span> <span class='ocrx_word' id='word_1_27' title='bbox 353 534 475 596; x_wconf 87' lang='lat' dir='ltr'>Graecis</span> <span class='ocrx_word' id='word_1_28' title='bbox 497 535 581 596; x_wconf 90' lang='lat' dir='ltr'>obvia</span> <span class='ocrx_word' id='word_1_29' title='bbox 605 538 687 614; x_wconf 85' lang='lat' dir='ltr'>signa</span> <span class='ocrx_word' id='word_1_30' title='bbox 709 545 829 613; x_wconf 79' lang='lat' dir='ltr'>gerunt.</span> 
     </span>
     <span class='ocr_line' id='line_1_6' title="bbox 107 616 944 698; baseline 0.002 -20"><span class='ocrx_word' id='word_1_31' title='bbox 107 618 296 680; x_wconf 81' lang='lat' dir='ltr'>Concurrunt</span> <span class='ocrx_word' id='word_1_32' title='bbox 317 620 440 698; x_wconf 86' lang='lat' dir='ltr'>pariter,</span> <span class='ocrx_word' id='word_1_33' title='bbox 462 627 548 680; x_wconf 87' lang='lat' dir='ltr'>sonet</span> <span class='ocrx_word' id='word_1_34' title='bbox 568 616 678 680; x_wconf 90' lang='lat' dir='ltr'>ictibus</span> <span class='ocrx_word' id='word_1_35' title='bbox 698 619 810 681; x_wconf 90' lang='lat' dir='ltr'>arduus</span> <span class='ocrx_word' id='word_1_36' title='bbox 831 621 944 689; x_wconf 90' lang='lat' dir='ltr'>aether,</span> 
     </span>
     <span class='ocr_line' id='line_1_7' title="bbox 153 702 877 782; baseline 0 -18"><span class='ocrx_word' id='word_1_37' title='bbox 153 702 348 764; x_wconf 81' lang='lat' dir='ltr'>Umbridcant</span> <span class='ocrx_word' id='word_1_38' title='bbox 369 703 495 764; x_wconf 89' lang='lat' dir='ltr'>nitidum</span> <span class='ocrx_word' id='word_1_39' title='bbox 519 704 632 782; x_wconf 90' lang='lat' dir='ltr'>spicula</span> <span class='ocrx_word' id='word_1_40' title='bbox 655 705 745 764; x_wconf 91' lang='lat' dir='ltr'>missa</span> <span class='ocrx_word' id='word_1_41' title='bbox 767 702 877 782; x_wconf 88' lang='lat' dir='ltr'>polum.</span> 
     </span>
     <span class='ocr_line' id='line_1_8' title="bbox 110 786 933 860; baseline 0.005 -14"><span class='ocrx_word' id='word_1_42' title='bbox 110 787 189 846; x_wconf 88' lang='lat' dir='ltr'>hlille</span> <span class='ocrx_word' id='word_1_43' title='bbox 213 786 310 847; x_wconf 90' lang='lat' dir='ltr'>modis</span> <span class='ocrx_word' id='word_1_44' title='bbox 333 790 440 848; x_wconf 93' lang='lat' dir='ltr'>mortis</span> <span class='ocrx_word' id='word_1_45' title='bbox 461 788 588 848; x_wconf 89' lang='lat' dir='ltr'>miseros</span> <span class='ocrx_word' id='word_1_46' title='bbox 610 805 691 848; x_wconf 91' lang='lat' dir='ltr'>mors</span> <span class='ocrx_word' id='word_1_47' title='bbox 713 806 770 848; x_wconf 92' lang='lat' dir='ltr'>una</span> <span class='ocrx_word' id='word_1_48' title='bbox 795 787 933 860; x_wconf 89' lang='lat' dir='ltr'>trucidat,</span> 
     </span>
     <span class='ocr_line' id='line_1_9' title="bbox 144 870 796 951; baseline 0 -19"><span class='ocrx_word' id='word_1_49' title='bbox 144 871 214 942; x_wconf 79' lang='lat' dir='ltr'>¹Una</span> <span class='ocrx_word' id='word_1_50' title='bbox 238 878 333 932; x_wconf 91' lang='lat' dir='ltr'>morte</span> <span class='ocrx_word' id='word_1_51' title='bbox 356 873 433 931; x_wconf 88' lang='lat' dir='ltr'>mori</span> <span class='ocrx_word' id='word_1_52' title='bbox 455 872 494 931; x_wconf 88' lang='lat' dir='ltr'>sit</span> <span class='ocrx_word' id='word_1_53' title='bbox 516 871 599 948; x_wconf 88' lang='lat' dir='ltr'>quasi</span> <span class='ocrx_word' id='word_1_54' title='bbox 622 878 708 951; x_wconf 81' lang='lat' dir='ltr'>turpe</span> <span class='ocrx_word' id='word_1_55' title='bbox 730 870 796 932; x_wconf 90' lang='lat' dir='ltr'>sibi.</span> 
     </span>
     <span class='ocr_line' id='line_1_10' title="bbox 108 953 895 1034; baseline 0 -18"><span class='ocrx_word' id='word_1_56' title='bbox 108 955 165 1016; x_wconf 86' lang='lat' dir='ltr'>Per</span> <span class='ocrx_word' id='word_1_57' title='bbox 188 954 311 1033; x_wconf 83' lang='lat' dir='ltr'>gladios,</span> <span class='ocrx_word' id='word_1_58' title='bbox 334 973 388 1034; x_wconf 92' lang='lat' dir='ltr'>per</span> <span class='ocrx_word' id='word_1_59' title='bbox 409 953 540 1025; x_wconf 77' lang='lat' dir='ltr'><strong>balistas,</strong></span> <span class='ocrx_word' id='word_1_60' title='bbox 563 973 618 1033; x_wconf 91' lang='lat' dir='ltr'>per</span> <span class='ocrx_word' id='word_1_61' title='bbox 640 954 707 1024; x_wconf 89' lang='lat' dir='ltr'>tela,</span> <span class='ocrx_word' id='word_1_62' title='bbox 731 974 784 1033; x_wconf 92' lang='lat' dir='ltr'>per</span> <span class='ocrx_word' id='word_1_63' title='bbox 807 973 895 1016; x_wconf 84' lang='lat' dir='ltr'>enses</span> 
     </span>
     <span class='ocr_line' id='line_1_11' title="bbox 149 1039 894 1119; baseline 0.003 -21"><span class='ocrx_word' id='word_1_64' title='bbox 149 1039 279 1100; x_wconf 80' lang='lat' dir='ltr'>Invitant</span> <span class='ocrx_word' id='word_1_65' title='bbox 300 1046 437 1108; x_wconf 89' lang='lat' dir='ltr'>mortem,</span> <span class='ocrx_word' id='word_1_66' title='bbox 461 1040 512 1100; x_wconf 87' lang='lat' dir='ltr'>dat</span> <span class='ocrx_word' id='word_1_67' title='bbox 533 1057 650 1119; x_wconf 86' lang='lat' dir='ltr'>quoque</span> <span class='ocrx_word' id='word_1_68' title='bbox 673 1039 755 1100; x_wconf 89' lang='lat' dir='ltr'>clava</span> <span class='ocrx_word' id='word_1_69' title='bbox 779 1057 894 1104; x_wconf 87' lang='lat' dir='ltr'>necem.</span> 
     </span>
     <span class='ocr_line' id='line_1_12' title="bbox 107 1123 935 1202; baseline 0 -18"><span class='ocrx_word' id='word_1_70' title='bbox 107 1123 227 1185; x_wconf 80' lang='lat' dir='ltr'>Casside</span> <span class='ocrx_word' id='word_1_71' title='bbox 251 1132 329 1184; x_wconf 90' lang='lat' dir='ltr'>tecta</span> <span class='ocrx_word' id='word_1_72' title='bbox 351 1123 432 1200; x_wconf 87' lang='lat' dir='ltr'>licet,</span> <span class='ocrx_word' id='word_1_73' title='bbox 455 1133 538 1185; x_wconf 87' lang='lat' dir='ltr'>secat</span> <span class='ocrx_word' id='word_1_74' title='bbox 560 1142 621 1193; x_wconf 88' lang='lat' dir='ltr'>ora,</span> <span class='ocrx_word' id='word_1_75' title='bbox 645 1123 773 1202; x_wconf 87' lang='lat' dir='ltr'>lacitque</span> <span class='ocrx_word' id='word_1_76' title='bbox 796 1133 935 1202; x_wconf 89' lang='lat' dir='ltr'>potenter</span> 
     </span>
     <span class='ocr_line' id='line_1_13' title="bbox 153 1208 835 1284; baseline -0.001 -15"><span class='ocrx_word' id='word_1_77' title='bbox 153 1208 210 1269; x_wconf 91' lang='lat' dir='ltr'>Per</span> <span class='ocrx_word' id='word_1_78' title='bbox 233 1208 363 1268; x_wconf 90' lang='lat' dir='ltr'>medium</span> <span class='ocrx_word' id='word_1_79' title='bbox 387 1210 499 1268; x_wconf 88' lang='lat' dir='ltr'>ventris</span> <span class='ocrx_word' id='word_1_80' title='bbox 521 1209 621 1268; x_wconf 82' lang='lat' dir='ltr'>ferrea</span> <span class='ocrx_word' id='word_1_81' title='bbox 643 1210 745 1284; x_wconf 86' lang='lat' dir='ltr'>cuspis</span> <span class='ocrx_word' id='word_1_82' title='bbox 766 1209 835 1268; x_wconf 90' lang='lat' dir='ltr'>iter.</span> 
     </span>
    </p>

    <p class='ocr_par' dir='ltr' id='par_1_3' title="bbox 107 1289 963 1452">
     <span class='ocr_line' id='line_1_14' title="bbox 107 1289 963 1371; baseline 0.002 -20"><span class='ocrx_word' id='word_1_83' title='bbox 107 1292 161 1351; x_wconf 91' lang='lat' dir='ltr'>Hic</span> <span class='ocrx_word' id='word_1_84' title='bbox 185 1291 329 1371; x_wconf 83' lang='lat' dir='ltr'>jugulant,</span> <span class='ocrx_word' id='word_1_85' title='bbox 353 1291 409 1352; x_wconf 77' lang='lat' dir='ltr'>bie</span> <span class='ocrx_word' id='word_1_86' title='bbox 425 1291 589 1359; x_wconf 83' lang='lat' dir='ltr'>exoculent,</span> <span class='ocrx_word' id='word_1_87' title='bbox 614 1289 662 1351; x_wconf 91' lang='lat' dir='ltr'>hic</span> <span class='ocrx_word' id='word_1_88' title='bbox 684 1290 771 1352; x_wconf 91' lang='lat' dir='ltr'>dorsa</span> <span class='ocrx_word' id='word_1_89' title='bbox 795 1299 963 1360; x_wconf 84' lang='lat' dir='ltr'>cruentant,</span> 
     </span>
     <span class='ocr_line' id='line_1_15' title="bbox 150 1373 864 1452; baseline 0.004 -18"><span class='ocrx_word' id='word_1_90' title='bbox 150 1374 203 1434; x_wconf 91' lang='lat' dir='ltr'>llic</span> <span class='ocrx_word' id='word_1_91' title='bbox 226 1375 319 1434; x_wconf 87' lang='lat' dir='ltr'>iacies</span> <span class='ocrx_word' id='word_1_92' title='bbox 342 1374 482 1444; x_wconf 91' lang='lat' dir='ltr'>lacerant,</span> <span class='ocrx_word' id='word_1_93' title='bbox 506 1373 657 1452; x_wconf 83' lang='lat' dir='ltr'>unguibus</span> <span class='ocrx_word' id='word_1_94' title='bbox 681 1392 733 1435; x_wconf 91' lang='lat' dir='ltr'>ora</span> <span class='ocrx_word' id='word_1_95' title='bbox 755 1376 864 1451; x_wconf 82' lang='lat' dir='ltr'>rigant.</span> 
     </span>
    </p>

    <p class='ocr_par' dir='ltr' id='par_1_4' title="bbox 107 1458 961 1622">
     <span class='ocr_line' id='line_1_16' title="bbox 107 1458 961 1537; baseline 0 -17"><span class='ocrx_word' id='word_1_96' title='bbox 107 1459 231 1520; x_wconf 83' lang='lat' dir='ltr'>Maxima</span> <span class='ocrx_word' id='word_1_97' title='bbox 254 1459 286 1517; x_wconf 87' lang='lat' dir='ltr'>lit</span> <span class='ocrx_word' id='word_1_98' title='bbox 308 1458 416 1519; x_wconf 87' lang='lat' dir='ltr'>caedes</span> <span class='ocrx_word' id='word_1_99' title='bbox 437 1459 604 1535; x_wconf 89' lang='lat' dir='ltr'>hominum,</span> <span class='ocrx_word' id='word_1_100' title='bbox 628 1478 684 1520; x_wconf 90' lang='lat' dir='ltr'>nec</span> <span class='ocrx_word' id='word_1_101' title='bbox 707 1459 807 1520; x_wconf 90' lang='lat' dir='ltr'>dicere</span> <span class='ocrx_word' id='word_1_102' title='bbox 830 1478 961 1537; x_wconf 81' lang='lat' dir='ltr'>possum,</span> 
     </span>
     <span class='ocr_line' id='line_1_17' title="bbox 151 1542 931 1622; baseline 0.001 -19"><span class='ocrx_word' id='word_1_103' title='bbox 151 1542 314 1604; x_wconf 88' lang='lat' dir='ltr'>Perlundat</span> <span class='ocrx_word' id='word_1_104' title='bbox 335 1546 461 1604; x_wconf 90' lang='lat' dir='ltr'>nimium</span> <span class='ocrx_word' id='word_1_105' title='bbox 485 1543 634 1622; x_wconf 90' lang='lat' dir='ltr'>quomodo</span> <span class='ocrx_word' id='word_1_106' title='bbox 657 1546 777 1621; x_wconf 83' lang='lat' dir='ltr'>sanguis</span> <span class='ocrx_word' id='word_1_107' title='bbox 798 1544 931 1604; x_wconf 86' lang='lat' dir='ltr'>humum.</span> 
     </span>
    </p>

    <p class='ocr_par' dir='ltr' id='par_1_5' title="bbox 109 1626 901 1788">
     <span class='ocr_line' id='line_1_18' title="bbox 109 1626 901 1689; baseline -0.001 0"><span class='ocrx_word' id='word_1_108' title='bbox 109 1626 255 1689; x_wconf 85' lang='lat' dir='ltr'>Fulminat</span> <span class='ocrx_word' id='word_1_109' title='bbox 281 1645 352 1687; x_wconf 92' lang='lat' dir='ltr'>ense</span> <span class='ocrx_word' id='word_1_110' title='bbox 374 1646 429 1688; x_wconf 94' lang='lat' dir='ltr'>suo</span> <span class='ocrx_word' id='word_1_111' title='bbox 451 1628 496 1688; x_wconf 88' lang='lat' dir='ltr'>vel</span> <span class='ocrx_word' id='word_1_112' title='bbox 519 1630 549 1688; x_wconf 91' lang='lat' dir='ltr'>in</span> <span class='ocrx_word' id='word_1_113' title='bbox 573 1628 664 1688; x_wconf 90' lang='lat' dir='ltr'>armis</span> <span class='ocrx_word' id='word_1_114' title='bbox 686 1628 768 1688; x_wconf 92' lang='lat' dir='ltr'>utilis</span> <span class='ocrx_word' id='word_1_115' title='bbox 790 1627 901 1688; x_wconf 86' lang='lat' dir='ltr'>Hector</span> 
     </span>
     <span class='ocr_line' id='line_1_19' title="bbox 151 1711 849 1788; baseline 0.006 -17"><span class='ocrx_word' id='word_1_116' title='bbox 151 1711 229 1771; x_wconf 90' lang='lat' dir='ltr'>Ense</span> <span class='ocrx_word' id='word_1_117' title='bbox 252 1719 333 1771; x_wconf 91' lang='lat' dir='ltr'>secat</span> <span class='ocrx_word' id='word_1_118' title='bbox 354 1711 480 1787; x_wconf 84' lang='lat' dir='ltr'>Danaos,</span> <span class='ocrx_word' id='word_1_119' title='bbox 504 1728 574 1773; x_wconf 89' lang='lat' dir='ltr'>cnse</span> <span class='ocrx_word' id='word_1_120' title='bbox 597 1711 731 1773; x_wconf 86' lang='lat' dir='ltr'>rubricat</span> <span class='ocrx_word' id='word_1_121' title='bbox 752 1728 849 1788; x_wconf 82' lang='lat' dir='ltr'>egros.</span> 
     </span>
    </p>

    <p class='ocr_par' dir='ltr' id='par_1_6' title="bbox 110 1795 831 1958">
     <span class='ocr_line' id='line_1_20' title="bbox 110 1795 797 1866; baseline -0.006 -9"><span class='ocrx_word' id='word_1_122' title='bbox 110 1797 183 1857; x_wconf 85' lang='lat' dir='ltr'>llum</span> <span class='ocrx_word' id='word_1_123' title='bbox 208 1798 253 1856; x_wconf 88' lang='lat' dir='ltr'>sic</span> <span class='ocrx_word' id='word_1_124' title='bbox 275 1798 396 1866; x_wconf 88' lang='lat' dir='ltr'>insanit,</span> <span class='ocrx_word' id='word_1_125' title='bbox 420 1797 517 1858; x_wconf 93' lang='lat' dir='ltr'>insani</span> <span class='ocrx_word' id='word_1_126' title='bbox 541 1795 654 1857; x_wconf 89' lang='lat' dir='ltr'>viribus</span> <span class='ocrx_word' id='word_1_127' title='bbox 675 1795 797 1856; x_wconf 84' lang='lat' dir='ltr'>obstant</span> 
     </span>
     <span class='ocr_line' id='line_1_21' title="bbox 154 1879 831 1958; baseline -0.004 -17"><span class='ocrx_word' id='word_1_128' title='bbox 154 1881 296 1958; x_wconf 82' lang='lat' dir='ltr'>Elpenor,</span> <span class='ocrx_word' id='word_1_129' title='bbox 320 1880 469 1950; x_wconf 90' lang='lat' dir='ltr'>Palamon,</span> <span class='ocrx_word' id='word_1_130' title='bbox 494 1879 639 1942; x_wconf 82' lang='lat' dir='ltr'>Schedius</span> <span class='ocrx_word' id='word_1_131' title='bbox 661 1888 691 1938; x_wconf 89' lang='lat' dir='ltr'>et</span> <span class='ocrx_word' id='word_1_132' title='bbox 713 1880 831 1940; x_wconf 84' lang='lat' dir='ltr'>llorius.</span> 
     </span>
    </p>

    <p class='ocr_par' dir='ltr' id='par_1_7' title="bbox 110 1963 907 2128">
     <span class='ocr_line' id='line_1_22' title="bbox 110 1963 907 2045; baseline -0.003 -19"><span class='ocrx_word' id='word_1_133' title='bbox 110 1963 296 2026; x_wconf 83' lang='lat' dir='ltr'>huxiliantur</span> <span class='ocrx_word' id='word_1_134' title='bbox 319 1965 517 2045; x_wconf 88' lang='lat' dir='ltr'>Epistrophus</span> <span class='ocrx_word' id='word_1_135' title='bbox 539 1973 627 2042; x_wconf 87' lang='lat' dir='ltr'>atque</span> <span class='ocrx_word' id='word_1_136' title='bbox 648 1963 817 2042; x_wconf 81' lang='lat' dir='ltr'>Polyxenus</span> <span class='ocrx_word' id='word_1_137' title='bbox 838 1963 907 2024; x_wconf 89' lang='lat' dir='ltr'>illis.</span> 
     </span>
     <span class='ocr_line' id='line_1_23' title="bbox 152 2047 886 2128; baseline 0.001 -22"><span class='ocrx_word' id='word_1_138' title='bbox 152 2047 269 2126; x_wconf 82' lang='lat' dir='ltr'>Sexque</span> <span class='ocrx_word' id='word_1_139' title='bbox 291 2050 375 2109; x_wconf 86' lang='lat' dir='ltr'>luere</span> <span class='ocrx_word' id='word_1_140' title='bbox 401 2048 501 2118; x_wconf 87' lang='lat' dir='ltr'>duces,</span> <span class='ocrx_word' id='word_1_141' title='bbox 524 2052 670 2128; x_wconf 89' lang='lat' dir='ltr'>septimus</span> <span class='ocrx_word' id='word_1_142' title='bbox 692 2048 886 2109; x_wconf 90' lang='lat' dir='ltr'>Orcomenus.</span> 
     </span>
    </p>
   </div>
   <div class='ocr_carea' id='block_1_3' title="bbox 108 2130 1079 2707">
    <p class='ocr_par' dir='ltr' id='par_1_8' title="bbox 108 2130 1079 2707">
     <span class='ocr_line' id='line_1_24' title="bbox 108 2130 851 2212; baseline 0 -20"><span class='ocrx_word' id='word_1_143' title='bbox 108 2131 245 2192; x_wconf 89' lang='lat' dir='ltr'>Hectoris</span> <span class='ocrx_word' id='word_1_144' title='bbox 267 2131 296 2192; x_wconf 91' lang='lat' dir='ltr'>hi</span> <span class='ocrx_word' id='word_1_145' title='bbox 319 2134 396 2192; x_wconf 90' lang='lat' dir='ltr'>vires</span> <span class='ocrx_word' id='word_1_146' title='bbox 418 2140 643 2212; x_wconf 85' lang='lat' dir='ltr'>attemptavere‚</span> <span class='ocrx_word' id='word_1_147' title='bbox 666 2132 717 2193; x_wconf 89' lang='lat' dir='ltr'>sed</span> <span class='ocrx_word' id='word_1_148' title='bbox 741 2130 851 2192; x_wconf 88' lang='lat' dir='ltr'>Hector</span> 
     </span>
     <span class='ocr_line' id='line_1_25' title="bbox 152 2215 867 2294; baseline -0.003 -18"><span class='ocrx_word' id='word_1_149' title='bbox 152 2216 224 2276; x_wconf 85' lang='lat' dir='ltr'>Fata</span> <span class='ocrx_word' id='word_1_150' title='bbox 247 2232 387 2293; x_wconf 90' lang='lat' dir='ltr'>suprema</span> <span class='ocrx_word' id='word_1_151' title='bbox 410 2235 481 2277; x_wconf 92' lang='lat' dir='ltr'>suos</span> <span class='ocrx_word' id='word_1_152' title='bbox 503 2216 551 2276; x_wconf 90' lang='lat' dir='ltr'>his</span> <span class='ocrx_word' id='word_1_153' title='bbox 573 2217 653 2276; x_wconf 87' lang='lat' dir='ltr'>dedit</span> <span class='ocrx_word' id='word_1_154' title='bbox 675 2223 744 2276; x_wconf 92' lang='lat' dir='ltr'>ante</span> <span class='ocrx_word' id='word_1_155' title='bbox 765 2215 867 2294; x_wconf 88' lang='lat' dir='ltr'>pedes.</span> 
     </span>
     <span class='ocr_line' id='line_1_26' title="bbox 109 2299 912 2380; baseline -0.004 -19"><span class='ocrx_word' id='word_1_156' title='bbox 109 2301 283 2379; x_wconf 90' lang='lat' dir='ltr'>Euphemus</span> <span class='ocrx_word' id='word_1_157' title='bbox 306 2309 336 2361; x_wconf 91' lang='lat' dir='ltr'>et</span> <span class='ocrx_word' id='word_1_158' title='bbox 356 2299 463 2380; x_wconf 81' lang='lat' dir='ltr'>Pyleus</span> <span class='ocrx_word' id='word_1_159' title='bbox 485 2300 562 2361; x_wconf 91' lang='lat' dir='ltr'>hona</span> <span class='ocrx_word' id='word_1_160' title='bbox 586 2300 765 2361; x_wconf 87' lang='lat' dir='ltr'>confidentia</span> <span class='ocrx_word' id='word_1_161' title='bbox 787 2300 912 2360; x_wconf 89' lang='lat' dir='ltr'>Troium</span> 
     </span>
     <span class='ocr_line' id='line_1_27' title="bbox 151 2384 899 2465; baseline -0.003 -20"><span class='ocrx_word' id='word_1_162' title='bbox 151 2385 303 2465; x_wconf 90' lang='lat' dir='ltr'>Hippicus,</span> <span class='ocrx_word' id='word_1_163' title='bbox 327 2386 477 2455; x_wconf 82' lang='lat' dir='ltr'>hstoreus,</span> <span class='ocrx_word' id='word_1_164' title='bbox 501 2384 548 2444; x_wconf 90' lang='lat' dir='ltr'>his</span> <span class='ocrx_word' id='word_1_165' title='bbox 570 2385 656 2464; x_wconf 88' lang='lat' dir='ltr'>quasi</span> <span class='ocrx_word' id='word_1_166' title='bbox 677 2402 781 2445; x_wconf 86' lang='lat' dir='ltr'>murus</span> <span class='ocrx_word' id='word_1_167' title='bbox 804 2392 899 2451; x_wconf 90' lang='lat' dir='ltr'>erant,</span> 
     </span>
     <span class='ocr_line' id='line_1_28' title="bbox 112 2465 920 2546; baseline -0.004 -17"><span class='ocrx_word' id='word_1_168' title='bbox 112 2468 294 2530; x_wconf 80' lang='lat' dir='ltr'>sternebant</span> <span class='ocrx_word' id='word_1_169' title='bbox 317 2470 443 2531; x_wconf 85' lang='lat' dir='ltr'>Danaos.</span> <span class='ocrx_word' id='word_1_170' title='bbox 488 2475 525 2529; x_wconf 82' lang='lat' dir='ltr'>At</span> <span class='ocrx_word' id='word_1_171' title='bbox 546 2469 645 2546; x_wconf 80' lang='lat' dir='ltr'>lulgur</span> <span class='ocrx_word' id='word_1_172' title='bbox 667 2469 769 2530; x_wconf 87' lang='lat' dir='ltr'>Martis</span> <span class='ocrx_word' id='word_1_173' title='bbox 790 2465 920 2528; x_wconf 77' lang='lat' dir='ltr'>Achilles</span> 
     </span>
     <span class='ocr_line' id='line_1_29' title="bbox 152 2553 748 2630; baseline 0.002 -18"><span class='ocrx_word' id='word_1_174' title='bbox 152 2553 239 2630; x_wconf 83' lang='lat' dir='ltr'>lgnea</span> <span class='ocrx_word' id='word_1_175' title='bbox 264 2553 396 2614; x_wconf 85' lang='lat' dir='ltr'>Plutonis</span> <span class='ocrx_word' id='word_1_176' title='bbox 419 2553 454 2612; x_wconf 89' lang='lat' dir='ltr'>ad</span> <span class='ocrx_word' id='word_1_177' title='bbox 479 2553 550 2613; x_wconf 88' lang='lat' dir='ltr'>vada</span> <span class='ocrx_word' id='word_1_178' title='bbox 574 2554 665 2613; x_wconf 90' lang='lat' dir='ltr'>mittit</span> <span class='ocrx_word' id='word_1_179' title='bbox 687 2570 748 2613; x_wconf 88' lang='lat' dir='ltr'>eos.</span> 
     </span>
     <span class='ocr_line' id='line_1_30' title="bbox 109 2636 1079 2707; baseline -0.005 -9"><span class='ocrx_word' id='word_1_180' title='bbox 109 2643 227 2698; x_wconf 83' lang='lat' dir='ltr'>Aeneae</span> <span class='ocrx_word' id='word_1_181' title='bbox 250 2638 331 2697; x_wconf 88' lang='lat' dir='ltr'>lerro</span> <span class='ocrx_word' id='word_1_182' title='bbox 354 2639 517 2707; x_wconf 84' lang='lat' dir='ltr'>consessus,</span> <span class='ocrx_word' id='word_1_183' title='bbox 542 2636 688 2698; x_wconf 88' lang='lat' dir='ltr'>arundine</span> <span class='ocrx_word' id='word_1_184' title='bbox 710 2636 819 2697; x_wconf 80' lang='lat' dir='ltr'>hierus.</span> <span class='ocrx_word' id='word_1_185' title='bbox 1042 2644 1079 2694; x_wconf 77' lang='lat'>85</span> 
     </span>
    </p>
   </div>
   <div class='ocr_carea' id='block_1_4' title="bbox 107 2869 1081 3477">
    <p class='ocr_par' dir='ltr' id='par_1_9' title="bbox 107 2869 1081 3477">
     <span class='ocr_line' id='line_1_31' title="bbox 176 2869 1080 2937; baseline -0.002 -15"><span class='ocrx_word' id='word_1_186' title='bbox 176 2875 217 2922; x_wconf 78' lang='lat'>57.</span> <span class='ocrx_word' id='word_1_187' title='bbox 237 2871 345 2922; x_wconf 81' lang='lat' dir='ltr'>Aeneus</span> <span class='ocrx_word' id='word_1_188' title='bbox 368 2871 435 2925; x_wconf 80' lang='lat' dir='ltr'>Aen.</span> <span class='ocrx_word' id='word_1_189' title='bbox 460 2887 509 2937; x_wconf 90' lang='lat' dir='ltr'>pro</span> <span class='ocrx_word' id='word_1_190' title='bbox 533 2871 634 2923; x_wconf 87' lang='lat' dir='ltr'>codicis</span> <span class='ocrx_word' id='word_1_191' title='bbox 652 2870 761 2921; x_wconf 79' lang='lat' dir='ltr'>Aeneas</span> <span class='ocrx_word' id='word_1_192' title='bbox 779 2869 892 2920; x_wconf 78' lang='lat' dir='ltr'>Aeneas.</span> <span class='ocrx_word' id='word_1_193' title='bbox 961 2870 1002 2920; x_wconf 78' lang='lat' dir='ltr'>tt.</span> <span class='ocrx_word' id='word_1_194' title='bbox 1020 2869 1080 2920; x_wconf 83' lang='lat' dir='ltr'>No·</span> 
     </span>
     <span class='ocr_line' id='line_1_32' title="bbox 108 2935 1079 3002; baseline -0.004 -12"><span class='ocrx_word' id='word_1_195' title='bbox 108 2941 182 2990; x_wconf 83' lang='lat' dir='ltr'>mine</span> <span class='ocrx_word' id='word_1_196' title='bbox 205 2940 304 2991; x_wconf 90' lang='lat' dir='ltr'>ducum</span> <span class='ocrx_word' id='word_1_197' title='bbox 325 2941 449 2990; x_wconf 82' lang='lat' dir='ltr'>nominat</span> <span class='ocrx_word' id='word_1_198' title='bbox 471 2940 572 2990; x_wconf 83' lang='lat' dir='ltr'>Dares:</span> <span class='ocrx_word' id='word_1_199' title='bbox 601 2939 795 2998; x_wconf 86' lang='lat' dir='ltr'>Orcomenum,</span> <span class='ocrx_word' id='word_1_200' title='bbox 819 2935 988 2997; x_wconf 78' lang='lat' dir='ltr'>delmenum,</span> <span class='ocrx_word' id='word_1_201' title='bbox 1011 2937 1079 3002; x_wconf 86' lang='lat' dir='ltr'>Epi·</span> 
     </span>
     <span class='ocr_line' id='line_1_33' title="bbox 109 3002 1079 3073; baseline -0.002 -16"><span class='ocrx_word' id='word_1_202' title='bbox 109 3008 260 3073; x_wconf 82' lang='lat' dir='ltr'>strophum,</span> <span class='ocrx_word' id='word_1_203' title='bbox 280 3006 435 3070; x_wconf 81' lang='lat' dir='ltr'>Sebedium,</span> <span class='ocrx_word' id='word_1_204' title='bbox 454 3006 655 3071; x_wconf 85' lang='lat' dir='ltr'>Elephenorem,</span> <span class='ocrx_word' id='word_1_205' title='bbox 674 3007 795 3067; x_wconf 75' lang='lat' dir='ltr'>Dionem,</span> <span class='ocrx_word' id='word_1_206' title='bbox 813 3002 990 3068; x_wconf 83' lang='lat' dir='ltr'>Polyxenum.</span> <span class='ocrx_word' id='word_1_207' title='bbox 1033 3006 1079 3056; x_wconf 78' lang='lat'>81.</span> 
     </span>
     <span class='ocr_line' id='line_1_34' title="bbox 107 3070 1079 3140; baseline -0.003 -16"><span class='ocrx_word' id='word_1_208' title='bbox 107 3076 167 3125; x_wconf 89' lang='lat' dir='ltr'>Hos</span> <span class='ocrx_word' id='word_1_209' title='bbox 196 3076 321 3126; x_wconf 83' lang='lat' dir='ltr'>nominet</span> <span class='ocrx_word' id='word_1_210' title='bbox 350 3075 449 3124; x_wconf 85' lang='lat' dir='ltr'>Dares:</span> <span class='ocrx_word' id='word_1_211' title='bbox 479 3074 660 3139; x_wconf 86' lang='lat' dir='ltr'>Euphemurn‚</span> <span class='ocrx_word' id='word_1_212' title='bbox 697 3071 896 3140; x_wconf 88' lang='lat' dir='ltr'>Hippothoum,</span> <span class='ocrx_word' id='word_1_213' title='bbox 930 3070 1079 3136; x_wconf 80' lang='lat' dir='ltr'>Pylaeum,</span> 
     </span>
     <span class='ocr_line' id='line_1_35' title="bbox 107 3137 1079 3207; baseline -0.002 -15"><span class='ocrx_word' id='word_1_214' title='bbox 107 3143 317 3207; x_wconf 82' lang='lat' dir='ltr'>Asteropeeum.</span> <span class='ocrx_word' id='word_1_215' title='bbox 353 3143 457 3194; x_wconf 86' lang='lat' dir='ltr'>Noster</span> <span class='ocrx_word' id='word_1_216' title='bbox 473 3142 623 3206; x_wconf 85' lang='lat' dir='ltr'>Euphenus</span> <span class='ocrx_word' id='word_1_217' title='bbox 643 3146 671 3191; x_wconf 87' lang='lat' dir='ltr'>et</span> <span class='ocrx_word' id='word_1_218' title='bbox 688 3139 812 3190; x_wconf 84' lang='lat' dir='ltr'>Phileus.</span> <span class='ocrx_word' id='word_1_219' title='bbox 875 3141 917 3199; x_wconf 76' lang='lat'>84.</span> <span class='ocrx_word' id='word_1_220' title='bbox 936 3137 1011 3190; x_wconf 72' lang='lat' dir='ltr'>vade</span> <span class='ocrx_word' id='word_1_221' title='bbox 1027 3154 1079 3203; x_wconf 86' lang='lat' dir='ltr'>pro</span> 
     </span>
     <span class='ocr_line' id='line_1_36' title="bbox 108 3204 1080 3274; baseline -0.005 -13"><span class='ocrx_word' id='word_1_222' title='bbox 108 3210 168 3264; x_wconf 84' lang='lat' dir='ltr'>eod.</span> <span class='ocrx_word' id='word_1_223' title='bbox 193 3214 267 3261; x_wconf 81' lang='lat' dir='ltr'>nete.</span> <span class='ocrx_word' id='word_1_224' title='bbox 341 3212 383 3261; x_wconf 80' lang='lat'>85.</span> <span class='ocrx_word' id='word_1_225' title='bbox 404 3210 476 3260; x_wconf 83' lang='lat' dir='ltr'>ferro</span> <span class='ocrx_word' id='word_1_226' title='bbox 500 3225 515 3259; x_wconf 84' lang='lat' dir='ltr'>e</span> <span class='ocrx_word' id='word_1_227' title='bbox 539 3210 660 3274; x_wconf 82' lang='lat' dir='ltr'>margine</span> <span class='ocrx_word' id='word_1_228' title='bbox 684 3223 733 3274; x_wconf 89' lang='lat' dir='ltr'>pro</span> <span class='ocrx_word' id='word_1_229' title='bbox 755 3222 821 3272; x_wconf 78' lang='lat' dir='ltr'>penu</span> <span class='ocrx_word' id='word_1_230' title='bbox 843 3206 872 3256; x_wconf 88' lang='lat' dir='ltr'>in</span> <span class='ocrx_word' id='word_1_231' title='bbox 895 3220 949 3271; x_wconf 88' lang='lat' dir='ltr'>quo</span> <span class='ocrx_word' id='word_1_232' title='bbox 973 3204 1080 3268; x_wconf 85' lang='lat' dir='ltr'>„veru“</span> 
     </span>
     <span class='ocr_line' id='line_1_37' title="bbox 108 3272 1081 3342; baseline -0.004 -14"><span class='ocrx_word' id='word_1_233' title='bbox 108 3278 220 3328; x_wconf 82' lang='lat' dir='ltr'>ridetur</span> <span class='ocrx_word' id='word_1_234' title='bbox 242 3276 330 3326; x_wconf 85' lang='lat' dir='ltr'>latere</span> <span class='ocrx_word' id='word_1_235' title='bbox 350 3277 398 3326; x_wconf 85' lang='lat' dir='ltr'>ssd</span> <span class='ocrx_word' id='word_1_236' title='bbox 421 3277 509 3342; x_wconf 87' lang='lat' dir='ltr'>prima</span> <span class='ocrx_word' id='word_1_237' title='bbox 532 3277 613 3326; x_wconf 90' lang='lat' dir='ltr'>huius</span> <span class='ocrx_word' id='word_1_238' title='bbox 634 3276 710 3326; x_wconf 83' lang='lat' dir='ltr'>verbi</span> <span class='ocrx_word' id='word_1_239' title='bbox 732 3274 843 3340; x_wconf 75' lang='lat' dir='ltr'>syllaba</span> <span class='ocrx_word' id='word_1_240' title='bbox 864 3272 956 3324; x_wconf 82' lang='lat' dir='ltr'>brevis</span> <span class='ocrx_word' id='word_1_241' title='bbox 981 3277 1026 3325; x_wconf 86' lang='lat' dir='ltr'>est</span> <span class='ocrx_word' id='word_1_242' title='bbox 1048 3279 1081 3324; x_wconf 83' lang='lat' dir='ltr'>ut</span> 
     </span>
     <span class='ocr_line' id='line_1_38' title="bbox 108 3340 1081 3410; baseline -0.001 -16"><span class='ocrx_word' id='word_1_243' title='bbox 108 3345 185 3410; x_wconf 80' lang='lat' dir='ltr'>Virg.</span> <span class='ocrx_word' id='word_1_244' title='bbox 199 3347 265 3398; x_wconf 81' lang='lat' dir='ltr'>hen.</span> <span class='ocrx_word' id='word_1_245' title='bbox 279 3343 327 3407; x_wconf 88' lang='lat' dir='ltr'>VI,</span> <span class='ocrx_word' id='word_1_246' title='bbox 339 3345 389 3394; x_wconf 78' lang='grc'>666</span> <span class='ocrx_word' id='word_1_247' title='bbox 407 3345 443 3393; x_wconf 86' lang='lat' dir='ltr'>Et</span> <span class='ocrx_word' id='word_1_248' title='bbox 457 3345 538 3393; x_wconf 86' lang='lat' dir='ltr'>tereti</span> <span class='ocrx_word' id='word_1_249' title='bbox 552 3359 678 3409; x_wconf 80' lang='lat' dir='ltr'>pugnans</span> <span class='ocrx_word' id='word_1_250' title='bbox 692 3357 819 3393; x_wconf 86' lang='lat' dir='ltr'>mucrone</span> <span class='ocrx_word' id='word_1_251' title='bbox 831 3354 950 3405; x_wconf 84' lang='lat' dir='ltr'>veruque</span> <span class='ocrx_word' id='word_1_252' title='bbox 965 3340 1081 3393; x_wconf 72' lang='lat' dir='ltr'>Sabello</span> 
     </span>
     <span class='ocr_line' id='line_1_39' title="bbox 108 3410 887 3477; baseline -0.005 -15"><span class='ocrx_word' id='word_1_253' title='bbox 108 3413 204 3475; x_wconf 81' lang='lat' dir='ltr'>docet,</span> <span class='ocrx_word' id='word_1_254' title='bbox 229 3416 400 3477; x_wconf 86' lang='lat' dir='ltr'>quapropter</span> <span class='ocrx_word' id='word_1_255' title='bbox 418 3410 531 3475; x_wconf 74' lang='lat' dir='ltr'>‚,terro‘⁴</span> <span class='ocrx_word' id='word_1_256' title='bbox 547 3426 561 3460; x_wconf 88' lang='lat' dir='ltr'>e</span> <span class='ocrx_word' id='word_1_257' title='bbox 580 3413 703 3476; x_wconf 77' lang='lat' dir='ltr'>margine</span> <span class='ocrx_word' id='word_1_258' title='bbox 721 3412 887 3475; x_wconf 85' lang='lat' dir='ltr'>recepimus.</span> 
     </span>
    </p>
   </div>
   <div class='ocr_carea' id='block_1_5' title="bbox 0 0 1195 3810">
    <p class='ocr_par' dir='ltr' id='par_1_10' title="bbox 0 0 1195 3810">
     <span class='ocr_line' id='line_1_40' title="bbox 0 0 1195 3810; baseline 0 0"><span class='ocrx_word' id='word_1_259' title='bbox 0 0 1195 3810; x_wconf 95' lang='lat' dir='ltr'> </span> 
     </span>
    </p>
   </div>
  </div>
 </body>
</html>
