2378 3810
115 169 180 236 152
438 173 499 228 utu.
516 175 549 227 v.
579 190 605 230 v.
623 175 767 226 olo—ote.

119 326 197 387 Dant
219 327 358 403 gemitus,
382 325 554 404 fractaeque
575 325 677 388 labant
698 325 863 388 ululatibus
883 328 956 398 irae,

161 410 310 488 Opprimit
331 413 364 472 in
386 411 506 472 madido
529 420 649 489 gutture
671 411 762 472 verba
785 409 885 480 dolor:

120 495 186 556 Non
211 504 343 572 sperant,
367 496 446 576 quod
470 498 564 574 possit
586 499 630 557 eis
651 496 826 576 impendere
845 499 936 558 vitam

162 577 231 640 Alea
253 578 315 657 jam
339 598 480 641 manuum
503 579 555 640 sed
578 583 673 658 magis
696 581 742 641 aia
763 579 884 660 pedum.

3 734 11 746 ·
119 663 305 743 Praecipites
325 665 443 743 fugiunt
465 672 494 725 et
515 666 611 726 siooos
634 664 756 743 pulvere
777 664 867 741 longo

161 749 287 828 Campos
309 748 456 818 attollunt,
479 767 539 809 non
562 757 662 810 tamen
685 749 837 826 effugiunt.

120 833 258 913 Denique
279 832 412 912 Pyrrhus
434 836 477 893 eis
500 852 567 894 cunt
592 833 715 894 Graecis
737 836 856 896 sortiter
878 835 968 894 instat
1039 846 1097 896 625

164 917 200 979 Et
222 918 343 993 fugitiva
366 917 432 978 iero
455 917 542 978 dorsa
565 936 709 978 mucrone
732 929 823 978 seoat.

116 1001 259 1081 Turpiter
282 1020 317 1061 ex
341 1020 446 1081 campo
469 1003 594 1063 Teucris
615 1004 645 1062 in
668 1011 746 1064 tecta
770 1004 880 1081 iugatis

160 1087 258 1165 (lingit
279 1089 421 1146 continuo
444 1087 588 1163 Pergama
612 1088 743 1148 Graecus
766 1088 870 1158 bomo;

119 1171 185 1232 Non
208 1170 320 1232 audent
340 1170 462 1250 prodire
485 1174 546 1232 suis
567 1171 754 1247 aliquomodo
777 1174 870 1250 portis
964 1242 968 1248 ,

160 1256 218 1317 Sed
241 1255 352 1332 frigere
374 1255 457 1316 vides
479 1274 532 1335 spe
555 1255 688 1317 fluitante
712 1257 852 1336 Phryges.

300 1359 482 1471 [rutenus
493 1401 689 1457 oouvoour
706 1402 902 1473 poputum]

120 1509 187 1568 Jam
210 1508 303 1567 virtus
325 1505 455 1584 Trojana
479 1507 568 1578 cadit,
590 1507 649 1585 jam
671 1509 735 1586 figit
756 1508 793 1570 ab
816 1510 896 1570 intus

164 1591 222 1653 Cor
245 1590 356 1652 Priami
379 1594 459 1669 regis
482 1593 639 1654 anxietatis
662 1611 743 1655 acus.

118 1675 277 1738 Obsessam
300 1677 406 1737 metuit
427 1677 506 1738 tradi
528 1676 612 1754 plebs
635 1677 771 1739 hostibus
794 1676 900 1739 urbem
947 1717 950 1723 -

160 1763 218 1822 Aut
240 1760 329 1839 rigidi
351 1761 423 1820 ferri
448 1761 546 1822 iorsau
569 1763 600 1821 in
624 1779 676 1822 ore
699 1765 775 1840 oapi.

118 1844 268 1911 Funditus
292 1847 383 1906 everti
405 1846 483 1906 valet
505 1845 593 1914 urbs;
617 1844 674 1906 boc
696 1854 819 1926 pectore
842 1855 968 1917 versant,
1038 1858 1092 1908 635

159 1930 197 1990 Et
218 1937 358 2008 poterunt
381 1930 486 1991 Graeci
508 1929 637 1990 subdere
661 1937 766 1991 cuneta
790 1934 867 1992 ueoi.

118 2013 157 2076 Se
180 2014 288 2074 Priami
312 2015 395 2075 dedit
416 2023 485 2076 ante
508 2016 587 2075 iores
610 2017 756 2091 Antenor,
779 2018 867 2095 eique
943 2091 946 2097 ἱ

160 2099 213 2158 Est
234 2098 427 2159 Anchisiades
449 2098 682 2179 Polydamasque
706 2118 815 2161 eomes.

120 2181 184 2242 Rex
207 2181 291 2242 sedet
314 2191 344 2243 et
366 2183 460 2243 tristis
483 2181 553 2243 beili
574 2183 610 2244 de
633 2185 766 2264 pondere
789 2192 902 2262 pensat,

160 2266 268 2328 Pensat
290 2285 378 2346 quem
401 2268 489 2328 finem
515 2267 619 2329 heilica
642 2268 745 2348 spatha
769 2277 858 2347 potat.

117 2351 271 2428 ingressos
293 2352 429 2413 Priamus
451 2349 596 2430 majorum
619 2371 703 2414 more
725 2351 841 2422 salutat,

162 2432 291 2515 Semper
312 2436 401 2496 homo
423 2439 521 2516 potior
543 2436 632 2498 debet
654 2455 741 2498 avere
764 2439 857 2514 prior.

115 2519 177 2587 Est,
201 2521 291 2590 aiunt,
315 2523 437 2583 minime
460 2520 523 2592 tihi,
546 2523 613 2582 rex!
636 2525 766 2582 recitare
787 2540 919 2590 necesse,

159 2601 253 2664 Annis
275 2603 321 2664 his
343 2606 441 2685 quinis
463 2624 540 2686 quae
563 2604 639 2666 mala
661 2605 749 2685 Troja
772 2606 846 2668 tulit.

118 2687 264 2749 Viderunt
284 2690 386 2759 Troes,
411 2690 521 2760 vidisti,
544 2690 672 2751 vidimus
695 2709 807 2759 omnes,

162 2770 241 2841 Quot
261 2776 342 2852 passi
365 2777 459 2835 simus
481 2773 613 2838 vulnera,
637 2775 753 2844 damna,
776 2793 875 2836 neces.

120 2857 245 2919 Obsidet
267 2868 296 2918 et
319 2858 429 2919 claudit
450 2867 568 2921 nostras
590 2876 696 2919 munus
717 2858 831 2920 hostica
854 2868 965 2939 portas,

158 2940 318 3012 Libertate,
343 2961 398 3004 neo
421 2952 475 3012 est,
500 2944 549 3022 qui
572 2943 745 3004 moderetur
768 2962 827 3004 eas.

112 3026 187 3087 'iam
211 3031 339 3107 nequis
362 3034 407 3088 est
428 3027 533 3096 audax,
558 3036 591 3088 ut
613 3027 715 3089 limine
738 3037 824 3106 cogat
846 3027 929 3089 abire

182 3197 240 3247 tte.
260 3195 345 3246 Statii
363 3195 450 3245 Theb.
467 3194 516 3257 IV,
535 3197 578 3256 23,
596 3196 645 3246 ubi
662 3211 712 3261 pro
729 3196 896 3259 ululatibus,
915 3193 1093 3261 singultibus

115 3264 228 3330 legitur.
296 3264 355 3316 out.
382 3261 481 3326 virgil.
499 3263 567 3312 Aen.
587 3264 636 3326 XI,
655 3266 705 3316 672

218 3331 391 3395 Praecipites
410 3331 569 3395 pariterque
588 3334 681 3384 ruunt.

184 3400 242 3452 630.
278 3396 365 3448 soboi.
397 3398 431 3448 ab
461 3396 557 3448 ardore
588 3399 739 3464 pugnandi
842 3400 900 3452 tto.
931 3413 972 3464 sp.
998 3401 1092 3452 ensis

105 3468 166 3516 642.
186 3463 275 3516 schol.
296 3464 470 3518 predicere.
541 3464 687 3520 ethead
706 3467 849 3520 bisbinis.
