2378 3810
428 153 489 203 Lib.
507 153 529 207 Ι.
566 170 591 208 v.
610 156 754 207 aaa-ola.

107 307 204 370 Nares
228 306 383 367 aedificant
406 305 579 382 crebrisque
604 306 784 384 bipennibus
805 307 925 376 instant,

151 393 240 453 Horis
263 397 296 451 ut
318 389 460 451 brevibus
483 390 668 451 acceleretur
690 410 775 470 opus.

151 538 298 594 HECTOR
315 536 494 593 MITTITUR
511 539 537 591 A
553 536 727 594 TROJANIS
744 539 816 593 PRO
835 538 1031 605 JUVAMINE.

108 643 235 708 Mittitur
257 647 372 704 interea
392 636 544 712 robustus,
568 643 696 721 colligat,
719 644 838 714 Hector,
1025 653 1075 703 495

152 729 191 790 Ut
212 729 422 807 circumposita
444 727 481 788 de
504 730 627 806 regione
649 730 736 793 viros,

109 813 218 874 Indicit
239 821 365 891 tempus,
389 813 484 888 quiris
506 821 539 873 ut
560 813 595 872 ad
619 829 700 872 arma
723 821 844 891 paratus

153 897 301 976 Tempore
323 899 362 956 sit
384 894 434 956 tali
457 895 564 957 bellica
587 898 669 974 signa
692 899 785 976 sequi.

110 980 224 1042 Bellum
248 979 412 1042 Cassandra
435 981 534 1042 nitens
556 997 673 1040 cassare
696 982 829 1042 laturum
867 1056 871 1060 ι

151 1065 223 1126 Inde
246 1065 298 1125 sed
320 1066 467 1126 incassum
491 1066 600 1144 promit
623 1067 738 1142 etipsa
762 1066 881 1125 malum.

110 1151 143 1212 Si
161 1149 315 1229 Phrygias,
339 1152 382 1210 ait
403 1147 461 1219 illa,
485 1157 564 1210 rates
588 1147 724 1209 bellando
746 1149 887 1227 Pelasgos

152 1234 296 1303 Senserit,
320 1234 394 1295 haec
416 1232 502 1294 nobis
525 1232 598 1294 ultio
621 1250 708 1294 casus
731 1235 796 1295 erit.
923 1240 927 1247 '

111 1320 258 1381 Convenit
280 1317 315 1378 ad
338 1324 456 1379 nostros
478 1318 584 1379 modus
607 1325 636 1378 et
658 1318 818 1397 prudentia
841 1335 955 1389 sensus,

153 1401 227 1462 Nam
249 1405 366 1481 provisa
388 1404 487 1463 minus
510 1404 567 1463 tela
590 1419 699 1463 nocere
721 1402 828 1464 solent.

111 1485 187 1557 Quid
211 1503 283 1564 rogo
305 1487 400 1548 laudis
423 1487 501 1555 eius;
525 1485 632 1548 mulier
655 1486 782 1548 lormosa
805 1498 935 1565 superne

154 1570 212 1632 Sed
235 1570 312 1631 male
334 1571 460 1632 formato
482 1570 629 1632 claudicat
650 1569 699 1631 illa
722 1571 808 1649 pede.

111 1655 176 1716 Non
200 1673 304 1715 omnes
326 1657 447 1733 capiunt
469 1658 520 1734 qui
543 1663 673 1735 captant,
697 1675 785 1735 saepe
807 1656 941 1717 ridemus

154 1740 196 1800 Ex
218 1740 371 1818 inopinato
393 1738 523 1819 plaustra
546 1741 646 1818 perire
667 1743 752 1800 rotis.

109 1823 188 1894 Quid
211 1830 314 1884 contra
338 1823 453 1884 Danaos
476 1823 584 1886 suades
607 1822 796 1886 committere
816 1822 945 1884 bollum?

155 1907 315 1970 Consilium
339 1910 474 1985 sequitur
497 1907 596 1988 Troja,
620 1910 717 1978 ruina,
741 1907 861 1969 malum.

113 1993 209 2072 Saepe
231 1994 306 2053 mari
328 1994 445 2063 missus,
470 2001 504 2054 ut
525 1996 623 2071 pisces
646 1993 779 2061 aufferat,
803 1993 907 2054 hamus

155 2076 293 2137 Perditur
317 2087 346 2137 et
368 2077 457 2138 salvis
478 2078 610 2157 piscibus
632 2097 700 2140 esca
723 2078 821 2139 datur.

297 2222 418 2278 Novas
437 2223 595 2278 mubiano
613 2223 891 2279 PERFICIUNTUR.

112 2330 146 2390 ln
170 2336 250 2391 tanto
273 2346 375 2391 rerum
399 2333 525 2409 strepitu
549 2331 711 2406 mundique
732 2331 852 2408 fragore

156 2414 303 2494 Tempora
327 2421 519 2492 praetereunt
541 2431 623 2475 more
645 2415 766 2475 liuentis
789 2431 892 2492 aquae.

112 2499 270 2560 Perticitur
293 2497 403 2567 classis,
427 2498 522 2558 redita
546 2506 609 2558 rate
632 2496 707 2558 lassa
730 2497 871 2576 bipennis
912 2496 914 2499 ’

157 2581 210 2642 Est
232 2580 409 2643 utensilibus
432 2601 566 2662 quaeque
588 2580 702 2662 repleta
725 2583 807 2643 ratis.

113 2666 252 2727 Sentinas
275 2673 401 2726 onerant
423 2666 528 2727 collata
551 2666 672 2736 cibaria,
695 2667 815 2746 jamque

156 2743 307 2829 Aequoris'
324 2753 456 2811 insuetas
478 2768 586 2812 ancora
609 2750 712 2812 lambit
735 2755 834 2828 aquas.

181 2971 240 3019 493.
257 2968 369 3033 Virgilii
388 2972 430 3018 est
447 2967 515 3021 Aen.
534 2968 570 3027 11,
589 2970 647 3019 627.
717 2970 775 3023 500.
794 2968 823 3016 in
841 2980 926 3031 marg.
945 2967 1009 3031 quia
1026 2981 1081 3017 non

115 3034 262 3088 audierunt
280 3050 350 3088 eam.
419 3038 478 3086 503.
497 3035 633 3100 Pamphil.
652 3035 753 3098 LXIII,
773 3037 797 3086 5.

111 3131 114 3137 ·
211 3102 348 3154 Convenit
365 3102 401 3153 ad
418 3106 524 3153 vestroe
542 3102 638 3152 modus
657 3108 685 3152 et
702 3102 873 3153 moderantia
892 3115 997 3157 sensus.

112 3172 173 3225 505.
190 3169 245 3225 rid.
263 3171 329 3221 Hor.
349 3170 381 3221 A.
400 3171 431 3220 P.
450 3172 474 3219 4.
545 3171 603 3221 506.
622 3169 673 3224 Ov.
691 3171 749 3220 Am.
768 3170 803 3232 ΙΙ,
823 3170 863 3232 16,
881 3172 922 3222 20.

305 3237 439 3302 Turpiter
455 3236 566 3301 obliquo
585 3237 724 3288 claudicet
741 3236 790 3286 illa
807 3239 886 3302 pede.

115 3305 175 3356 510.
192 3306 280 3357 Anon.
298 3304 395 3356 Nevel.
415 3320 440 3369 p.
461 3306 519 3366 505,
539 3306 579 3368 18,
597 3304 683 3356 habet

290 3370 443 3423 Consilium
462 3375 588 3435 sequitur
606 3377 683 3422 certa
702 3372 781 3422 ruina
798 3371 909 3422 malurn.

114 3440 173 3496 514.
192 3438 243 3494 Or.
261 3441 314 3492 Ars
332 3440 403 3503 Am„
421 3439 473 3502 ΙΙΙ,
491 3441 533 3489 62.
546 3465 580 3477 -
598 3443 665 3492 eunt
683 3440 749 3490 anni
766 3455 841 3490 more
859 3439 973 3490 liuentis
988 3452 1095 3502 oum.
