2378 3810
412 189 472 239 Lib.
490 189 522 243 V.
558 205 584 241 v.
603 190 764 241 nee-1020.

110 342 168 403 Sed
190 340 260 411 licet
283 343 403 420 egregia
426 341 517 401 iacies
541 347 591 401 tua
613 347 764 418 computat
785 357 888 411 annos,

150 425 234 487 Intus
256 444 308 486 rex
331 424 442 506 aliquid
465 441 592 503 corpore
613 423 709 503 pluris
731 423 832 484 habes.

109 510 238 572 Consilio
260 509 351 589 pollet
373 508 421 570 cui
444 509 500 569 vim
524 517 630 570 natura
652 510 778 587 negavit,
1023 517 1073 567 005

153 594 191 655 Et
212 592 346 673 probitas
369 611 492 672 magnos
513 594 728 670 ingeniumque
749 592 827 654 lacit.

111 679 217 740 Omnia
239 677 390 746 labuntur,
414 676 455 737 nil
478 696 537 738 non
560 677 686 738 mortale
707 687 844 738 tenemus

153 763 288 823 Pectoris
310 765 443 842 exceptis
464 763 636 840 ingeniique
658 762 753 822 bonis.

109 844 175 908 Non
198 855 247 908 tua
271 850 417 925 tantisper
439 854 484 908 est
505 847 646 908 inclinata
668 853 807 924 potestas,

153 932 190 992 Ut
213 940 304 1011 caput
325 932 449 994 alterius
472 948 530 992 non
554 930 686 992 relevare
709 948 810 1009 queas
1009 938 1075 988 1000

109 1015 184 1076 Sunt
207 1015 319 1094 populi,
343 1024 414 1077 sunt
435 1033 516 1076 arma
540 1015 604 1086 tibi,
626 1015 683 1074 tibi
704 1017 789 1093 copia
813 1030 924 1085 rerum,

150 1101 224 1160 Tota
248 1117 303 1159 000
325 1101 441 1160 interiit
461 1116 594 1178 purpura
619 1098 696 1160 clara
721 1098 838 1160 dueum.

108 1184 184 1246 Sunt
206 1182 271 1252 tibi,
294 1190 365 1243 sunt
385 1183 486 1243 hostes
507 1186 589 1243 l'erro
612 1180 752 1261 clavaque
776 1179 925 1252 domandi,

152 1267 241 1346 Spem
265 1268 400 1346 quamvis
422 1275 451 1328 et
473 1285 537 1327 rem
560 1266 645 1345 plebs
667 1274 756 1344 neget
778 1269 834 1327 ista
856 1264 918 1328 libi.

110 1351 174 1411 Non
198 1350 290 1430 pudet
311 1353 443 1413 Antenor
465 1360 503 1421 te,
528 1352 607 1430 quod
629 1351 774 1411 vexillifer
797 1349 844 1411 his
866 1367 909 1420 es,
1008 1359 1073 1421 1005

151 1436 273 1497 Vertere
296 1437 348 1516 qui
370 1435 489 1518 clypeos
513 1445 541 1497 et
563 1438 635 1498 dare
656 1444 740 1515 terga
763 1433 878 1495 solenti

109 1521 246 1599 Degener
269 1539 311 1587 es,
335 1523 360 1581 si
383 1521 548 1600 degeneres
570 1541 587 1582 a
609 1539 694 1581 more
715 1529 885 1601 parentum,

150 1604 216 1666 Non
240 1624 274 1666 ea
298 1613 469 1666 nostrorum
493 1614 562 1666 sunt
585 1612 775 1666 monumenta
799 1613 927 1683 patrum.

108 1689 202 1749 lmmo
226 1686 400 1767 recolligere
424 1688 577 1768 populum,
601 1689 706 1750 sedare
728 1688 886 1749 tumultum

155 1772 264 1842 Debes,
288 1781 319 1834 et
340 1773 452 1852 pavidis
475 1791 527 1833 cor
549 1791 689 1834 recreare
711 1791 830 1834 novum.
1011 1782 1077 1831 1010

110 1856 171 1917 11110
194 1857 274 1918 00101
296 1875 355 1917 000
379 1866 425 1917 001
446 1857 602 1919 manifesta
624 1857 792 1937 phrenesis,

151 1940 313 2002 intendunt
335 1948 467 2002 nostram
490 1943 541 2021 qui
562 1941 699 2022 jugulare
721 1942 840 2020 gulam?

110 2026 180 2087 Non
199 2027 243 2086 sio
265 2027 409 2096 Antenor,
432 2043 491 2086 uon
514 2028 572 2094 sie;
596 2027 647 2088 sed
671 2029 785 2088 amicus
807 2026 918 2094 amieis,

151 2110 189 2171 lit
210 2112 309 2171 socius
331 2111 427 2181 sociis,
451 2109 584 2172 hostibus
606 2110 702 2172 hostis
724 2113 795 2173 erio.

108 2193 234 2256 Consilii
255 2195 287 2254 fic
309 2212 424 2256 summa
445 2197 514 2267 mei,
537 2194 615 2276 quod
638 2195 683 2256 vel
706 2213 883 2275 superemur
1011 2203 1076 2253 1015

152 2277 297 2340 Funditus
320 2297 336 2340 a
359 2279 481 2340 Graecis
502 2278 549 2341 vel
571 2297 748 2358 superemus
773 2297 835 2340 eos.

108 2363 166 2422 Aut
188 2363 356 2423 evincamus
379 2371 431 2423 aut
452 2362 663 2423 occumbamus
685 2361 818 2433 honeste,

151 2447 275 2507 Mortem
300 2464 370 2515 non,
394 2447 482 2506 vitam
505 2445 603 2505 vivere
626 2444 692 2505 (1100
715 2444 801 2505 01010.

108 2531 147 2590 Et
168 2532 212 2590 sio
235 2527 411 2600 instimulat,
436 2537 626 2607 veteremque
648 2529 806 2591 resuscitat
828 2531 901 2591 iram

152 2614 300 2691 Principis
321 2613 562 2694 Amphimachus,
587 2611 664 2675 bella
687 2631 806 2674 movere
829 2624 922 2677 ratus,
1010 2628 1076 2677 1020

108 2850 167 2900 995.
186 2849 285 2901 (10100.
304 2850 367 2903 dist.
386 2849 423 2912 11,
441 2852 465 2901 9.
527 2852 586 2902 996.
605 2850 657 2905 00.
675 2850 755 2902 Pont.
772 2850 794 2913 1,
812 2853 836 2912 9,
854 2853 895 2902 39.
914 2852 961 2903 sed
979 2867 1021 2917 pr.
1040 2869 1075 2909 m.

108 2916 126 2970 i.
146 2932 170 2980 q,
188 2916 206 2966 f.
277 2919 335 2971 ont,
353 2919 394 2971 98.
413 2917 464 2972 Ov.
482 2918 557 2972 Post.
576 2918 623 2980 VI,
644 2921 701 2970 771.
721 2919 805 2969 Triot.
824 2918 875 2983 111,
895 2922 919 2981 t,
936 2921 978 2970 43.
997 2922 1032 2970 44

293 2984 429 3049 Tempora
446 2985 586 3051 labuntur,
604 2985 644 3036 nil
662 3001 717 3036 non
734 3001 768 3035 m.
787 2991 808 3036 t.
827 2992 879 3036 ete.

109 3052 184 3103 1011.
202 3051 266 3102 Jnv.
285 3055 371 3115 satyr.
388 3052 461 3115 XIV,
480 3054 529 3104 tao

164 3119 231 3169 Cum
250 3119 326 3170 10000
342 3118 417 3169 hond
436 3119 543 3183 dubius,
561 3136 622 3171 0001
640 3121 678 3170 sit
694 3120 841 3170 manifesta
859 3121 1011 3186 phrenesis.

109 3187 182 3238 1018.
201 3186 375 3249 (Maximino)
393 3186 417 3249 1,
434 3188 485 3238 2611

217 3255 306 3305 Morte
324 3255 392 3304 mori
410 3252 519 3318 melius,
538 3269 616 3319 quam
636 3256 723 3306 vitem
741 3253 841 3306 ducere
859 3256 963 3311 mortio.
