2378 3810
339 238 342 241 Ι
394 167 456 220 Lib.
472 167 520 221 1v.
549 184 576 222 v.
595 170 736 222 oar-oon
994 163 1055 228 123

111 370 114 375 .
156 314 443 387 [PENTHESILEAE
462 316 661 373 ADVENTUS
678 317 725 372 ET
742 314 984 386 DESCRIPTIO]

87 442 123 502 lt
147 438 283 501 Priamus
304 457 432 500 murum·
447 443 581 511 munivit,
605 439 681 502 bella
704 440 794 501 silere

128 524 239 593 Maluit,
262 525 293 584 in
316 543 403 586 causa
426 524 611 585 Penthesilea
636 527 698 585 luit.

90 609 170 669 llaec
192 611 224 669 in
245 609 446 670 Amazonibus
468 609 613 687 regnabat
635 609 725 669 divite
747 626 842 687 regno

128 691 262 761 lllustris,
286 694 380 762 fortis,
404 692 511 755 bellica
533 697 602 754 trita
625 696 705 754 satis.

89 777 168 836 Haec
190 776 336 854 siquidem
358 777 444 839 miles
469 786 532 838 erat
554 780 674 857 optima,
698 795 753 837 nec
776 779 841 837 sine
864 774 952 836 laude
1001 781 1050 832 635

131 861 216 920 Rexit
238 860 440 941 cornipedem.
465 863 595 923 reddidit
617 879 689 922 ense
708 863 812 922 vicem.

88 945 176 1006 llasta
199 944 338 1007 nobiliter
360 964 520 1008 occurrere
543 953 666 1008 noverat
687 946 791 1006 bastae

131 1030 264 1105 Tergore
288 1030 457 1110 cornipedis
479 1032 677 1110 praecipitare
700 1032 812 1098 virum;

85 1115 118 1174 ln
142 1131 247 1192 campo
270 1116 419 1173 currentis
442 1118 511 1194 equi
534 1115 589 1175 fuit
610 1114 660 1174 illa
682 1117 834 1192 magistra,

132 1197 192 1257 Nec
214 1198 358 1258 modicam
382 1197 500 1258 laudern
523 1199 593 1258 tibia
618 1209 697 1258 mota
720 1198 813 1259 dedit,

88 1281 220 1343 Pulchre
244 1282 337 1342 calcat
360 1300 479 1360 equum,
503 1282 656 1361 propulsat
678 1280 831 1360 pulchrius
853 1279 937 1343 illum

128 1364 313 1445 Perpulchra
336 1368 421 1443 girat,
445 1367 560 1444 singula
585 1365 707 1445 pulchra
731 1374 836 1443 parat*
1045 1361 1046 1366 ’

87 1450 208 1512 Militiae
231 1450 328 1511 calcar
350 1452 381 1510 in
403 1449 490 1528 plata,
514 1452 611 1512 calcar
635 1451 758 1510 honoris

130 1536 160 1594 ln
184 1536 272 1605 lama,
297 1535 373 1594 bene
395 1536 455 1596 lert
477 1535 549 1596 illud
573 1545 603 1595 et
625 1535 701 1595 istud
726 1553 769 1595 ea.

87 1620 183 1679 Aurea
205 1620 318 1679 ferrato
341 1616 436 1679 calcat
459 1618 585 1680 calcaria
608 1617 697 1685 calce,

38 1727 42 1733 ·
131 1704 212 1762 Auro
234 1703 318 1761 irena
342 1705 419 1761 citus
440 1702 596 1780 splendida
619 1702 737 1762 mordet
760 1719 863 1780 equus

89 1786 198 1866 inclyta
220 1785 306 1846 miles
329 1795 403 1860 erat,
427 1794 491 1846 erat
512 1791 617 1864 alaque
640 1791 699 1845 tota
720 1785 884 1860 Quiritum,

131 1870 211 1939 Quae
234 1878 313 1931 lanta
337 1869 430 1929 laetae
453 1871 590 1949 principe
612 1887 731 1946 semper
755 1876 848 1933 erant.

87 1954 242 2015 Praeterea
266 1955 493 2024 formosarum
517 1962 682 2031 naturaque
705 1951 805 2013 multis

131 2039 263 2099 Laudum
286 2038 462 2100 muneribus
484 2038 656 2099 nobilitarat
679 2055 753 2098 eam.

89 2123 201 2184 Orbem
225 2123 273 2183 dat
296 2124 382 2199 capiti
406 2132 530 2184 naturae
553 2125 684 2183 circinus
706 2120 824 2191 orbum,

131 2206 218 2268 Orbis
240 2210 284 2267 uti
306 2215 413 2269 statuat
436 2208 531 2268 lorma
554 2206 675 2285 globosa
699 2206 848 2267 troobum.

87 2291 231 2366 Fulgurat
252 2294 282 2350 in
306 2293 388 2352 crine
411 2294 491 2353 nitor
515 2294 587 2360 auri,
611 2290 671 2350 lilia
695 2291 809 2356 lronte;

130 2374 223 2444 Quem
247 2375 333 2434 simul
356 2382 389 2433 ut
411 2376 564 2453 speculum
588 2384 620 2434 tu
644 2371 799 2450 speculare
820 2372 931 2445 locum.
1009 2393 1012 2396 ·

88 2459 151 2519 Sub
174 2459 293 2537 specula
316 2460 422 2517 lrontis
444 2459 576 2538 vaccinia
601 2458 685 2533 nigra
708 2453 848 2532 leguntur

130 2543 225 2613 Quum
251 2539 418 2620 superciliis
440 2548 485 2600 est
507 2539 588 2602 color
611 2539 661 2599 ille
684 2539 777 2600 datus.

88 2626 123 2686 Si
146 2634 261 2705 spectes
284 2624 399 2694 melius,
423 2627 560 2701 geminos
581 2626 744 2685 intersecat
764 2641 850 2684 arcus

134 2709 198 2769 Non
221 2708 392 2768 obfuscatae
415 2709 509 2770 lactea
531 2710 628 2770 lorma
649 2709 725 2768 viae.

88 2792 238 2853 Excubiae
260 2792 368 2852 frontis
390 2801 526 2873 spectant
548 2791 693 2854 laetanter
716 2790 812 2868 ocelli,

131 2877 210 2938 buce
233 2878 436 2954 smaragdinea
460 2879 565 2938 sideris
586 2880 678 2938 instar
700 2876 826 2944 habeon
1004 2883 1055 2932 660

90 2962 151 3023 Ν66
174 2970 231 3022 stat
252 2979 308 3022 nec
329 2963 438 3023 transit
458 2961 525 3039 plus
546 2970 629 3022 recto
650 2959 754 3038 regula
778 2962 849 3029 nasi,

132 3047 185 3106 llic
209 3045 316 3125 aquila,
340 3045 427 3116 bello,
452 3048 550 3112 simia,
575 3044 648 3106 cede
669 3043 746 3105 loco.

158 3249 215 3299 637.
233 3248 314 3299 hasta
333 3264 346 3298 6
366 3263 451 3312 marg.
466 3263 513 3313 pro
527 3246 586 3299 eod.
602 3247 708 3298 hastae.
750 3245 809 3298 638.
824 3242 888 3294 Cod.
902 3240 1057 3308 cornipede.

90 3318 149 3365 613.
180 3316 276 3365 calcar
300 3315 450 3366 secundum
475 3331 489 3364 e
513 3315 638 3379 margine
659 3329 708 3379 pro
728 3312 787 3370 eod.
808 3326 910 3365 carcar.
996 3309 1054 3358 665.

91 3397 150 3433 vac.
171 3383 240 3446 nigr.
258 3383 312 3449 leg.
332 3383 408 3448 Virg.
427 3381 514 3447 eclog.
533 3382 570 3446 ll,
591 3383 630 3437 18.
699 3380 758 3430 661.
777 3379 887 3444 Margo:
905 3375 1057 3428 66666166-

91 3464 153 3498 cum
171 3463 219 3500 nec
237 3455 353 3504 torvum.
430 3450 488 3500 662.
508 3447 582 3499 bello
601 3464 649 3513 pro
668 3447 728 3498 cod.
748 3445 834 3512 pollo.
