2378 3810
350 154 411 231 uro.
431 154 477 206 rv.
507 171 533 208 v.
552 155 694 206 roo-rso.

126 309 181 369 ilat
204 308 317 367 varium
340 307 447 384 pannis
469 311 683 368 convenienter
706 324 789 386 opus.

84 394 163 453 Zona
187 394 298 471 premit
319 391 412 451 latera
435 390 472 450 de
495 390 583 470 bysso
606 399 684 452 texta
707 399 830 462 retorta,

127 478 250 538 Gemma
272 474 425 552 stelliparo
447 473 565 553 fulgure
588 475 677 536 dante
697 473 796 554 jubar.

83 561 213 624 Alternis
236 559 348 620 vicibus
372 561 487 637 argenti
509 560 589 620 sidus
613 569 642 621 et
664 561 728 622 auri

126 646 181 705 ilic
203 646 285 715 nitet,
309 662 379 704 ausa
402 651 500 704 tamen
524 662 612 705 aurea
635 651 695 704 tota
719 643 815 705 rubet.

84 729 209 792 Brachia
230 727 383 791 luxuriant
405 726 537 796 armillis,
563 727 670 789 lamina
693 729 785 788 nectit

129 815 252 891 Argenti
275 815 417 881 manicas,
440 821 474 873 ut
497 811 574 872 bene
593 815 719 890 stringat
741 829 801 872 eas.

85 902 141 960 Ars
164 905 193 958 et
214 898 336 957 materia
360 904 476 959 certant
499 897 529 956 in
553 905 634 958 veste
658 915 775 967 serena,

130 982 224 1052 Quam
248 982 354 1042 dicunt
376 979 561 1058 chlamydem
585 983 631 1042 vix
654 981 744 1042 habet
765 979 814 1041 illa
837 997 957 1060 parem;

85 1066 238 1128 Materiam
261 1067 360 1126 vincat
382 1082 457 1143 opus
480 1084 517 1125 an
539 1067 674 1126 vincatur
696 1065 732 1126 ab
755 1064 814 1136 illa,

128 1149 241 1210 lodieio
266 1156 383 1225 poterat
405 1165 492 1208 uerno
515 1147 643 1228 probare
666 1147 733 1210 levi.

87 1233 233 1295 Nobilitas
255 1233 362 1310 digitos
383 1232 531 1294 rutilantis
554 1235 679 1294 circinat
701 1235 776 1303 auri,

128 1316 281 1396 Multiplici
300 1315 406 1396 jubare
429 1334 543 1395 gemma
564 1317 701 1396 superbit
723 1318 775 1379 ibi.

87 1403 189 1464 Indice
212 1408 367 1463 contentus
389 1403 481 1479 ignita
504 1401 570 1463 luce
592 1420 725 1482 pyropus

128 1486 200 1546 huri
222 1485 377 1546 demedio
401 1485 472 1547 solis
494 1487 530 1548 ad
553 1489 647 1548 instar
670 1495 745 1548 ovat.

86 1570 206 1650 Saphiri
228 1572 343 1653 species
365 1571 464 1647 digitis
486 1571 638 1651 aptissima
661 1588 764 1648 regum

129 1654 222 1715 Ornat
244 1657 445 1715 amazonicam
470 1653 537 1714 luce
559 1656 687 1714 micante
709 1673 839 1718 manum.

86 1737 227 1820 Fuigidus
250 1736 353 1799 obrizo
376 1736 578 1799 carbunculus
600 1738 685 1798 ardet
706 1739 737 1797 in
760 1756 842 1808 auro,

130 1822 275 1901 Claraque
298 1821 418 1881 solifero
440 1830 580 1900 provocat
602 1829 679 1882 astra
702 1839 784 1900 rogo.

88 1908 184 1986 laspis
206 1909 238 1966 in
262 1915 385 1982 argento
408 1908 495 1976 viret,
518 1905 629 1967 undam
653 1907 804 1984 sauguinis
827 1902 941 1976 arcens,
1003 1962 1005 1968 ,

129 1991 183 2052 Hie
207 1989 278 2050 latet
301 1992 331 2050 io
354 1990 442 2050 viridi
463 2008 537 2051 zona
560 1991 661 2052 colore
683 1989 805 2052 rubens.

88 2077 183 2138 Omne
205 2076 283 2153 perit
305 2075 398 2135 viride
420 2077 509 2137 viridi
531 2073 647 2154 fulgore
669 2076 852 2155 smaragdus,

131 2160 187 2220 Hic
210 2161 284 2219 viret
307 2167 337 2219 et
358 2160 446 2220 viridi
469 2160 581 2223 lumina
603 2160 670 2222 luce
693 2163 783 2230 fovet,
930 2216 933 2230 ,

88 2244 142 2304 Hic
166 2243 284 2304 adamas
307 2243 430 2323 chalybe
452 2243 574 2322 glaucus
597 2244 634 2304 de
656 2247 800 2322 sanguine
822 2247 917 2304 solum

131 2327 260 2389 Solvitur
282 2328 409 2396 hircino,
432 2329 464 2387 fit
484 2327 574 2388 homo
596 2345 721 2406 prosper
742 2331 788 2388 eo.

88 2411 262 2472 Pendebaut
282 2411 375 2472 nitido
398 2411 502 2471 diffusa
524 2410 645 2471 monilia
669 2409 756 2480 collo,

132 2497 270 2556 Gemmas
292 2496 428 2573 inspicio,
453 2511 508 2554 nec
530 2512 689 2556 numerare
711 2513 797 2574 queo.

89 2582 197 2642 Pectus
220 2581 301 2639 enirn
323 2580 450 2656 gemmis
473 2580 557 2657 quasi
580 2579 676 2640 celum
699 2578 830 2657 fulgurat
853 2579 950 2648 astris,

132 2663 192 2722 Hac
215 2663 366 2724 radicante
389 2663 442 2724 sed
463 2663 520 2722 hac
542 2663 749 2742 praeradiante
771 2665 875 2742 magis.

90 2747 203 2811 Clarior
226 2755 358 2824 argento,
381 2747 461 2808 fulvo
484 2750 674 2827 conspectior
697 2766 769 2809 auro

131 2829 267 2893 Fulmine
289 2831 429 2910 gemmaii
450 2830 539 2892 hbula
561 2830 619 2893 iata
643 2833 741 2893 micat.

89 2918 215 2988 Quaeris
239 2923 337 2976 utrum
361 2916 485 2977 rutilans
506 2918 545 2977 sit
567 2917 643 2978 sorte
666 2918 800 2996 topazios
821 2917 906 2977 hicce

133 3002 270 3078 Tangeris
293 2999 374 3062 calce
398 3002 507 3079 polum,
532 3004 643 3062 vertice
665 3021 736 3062 vero
758 3002 865 3062 solum.

158 3172 214 3224 tte.
234 3169 358 3220 Gualter.
376 3169 453 3220 Alex.
473 3169 494 3229 Ι,
512 3171 562 3219 236

190 3238 313 3288 Lucidus
332 3237 425 3287 obrizo
444 3236 559 3288 crinalis
577 3236 694 3286 circulus
712 3251 788 3291 auro.

59 3307 148 3356 ’779.
167 3305 227 3355 cod.
248 3305 369 3355 claucus.
439 3305 497 3354 780.
515 3303 835 3368 margo.sc.edumunte.
906 3306 963 3355 781.
980 3304 1052 3370 Virg.

90 3372 306 3435 Aen.v11‚278

191 3442 282 3491 Aurea
300 3440 461 3506 pectoribus
479 3440 598 3490 demissa
615 3439 729 3490 monilia
747 3439 883 3505 pendent.
