2378 3810
415 157 477 207 niu.
495 155 544 208 1v,
572 171 597 207 v.
614 155 758 206 toa-491.
1009 148 1067 211 nr

222 305 383 377 [dAEDEM
400 303 568 359 aonmms
584 283 803 356 ananelum
821 297 949 370 elma]

107 416 238 492 Tempus
262 421 335 479 erat,
361 430 418 490 quo
442 419 547 470 cuncta
570 408 668 480 silent,
692 427 759 469 cnm
782 405 909 466 lontibus
931 404 1021 465 armis

150 499 257 558 Fortes
280 499 311 556 in
335 494 394 556 lani
418 493 543 555 collocat
566 494 639 554 aede
662 494 755 554 Paris.

107 584 249 643 Protinus
271 589 303 641 nt
325 579 420 648 vobis,
445 581 495 648 ait,
519 585 707 639 ostentavere
730 580 861 654 signum,
1024 580 1073 630 465

151 666 295 726 Aeacidae
320 674 415 725 vester
434 665 470 722 in
491 671 579 742 caput
600 665 680 722 ensis
703 669 759 730 eat,

109 748 226 829 Spicula
250 749 339 809 densa
362 746 460 826 gulam
484 756 671 825 percurrant,
695 745 800 806 lancea
823 752 966 814 ventrem,

152 834 289 912 Deprope
312 841 392 894 stans
415 830 518 892 ambas
541 830 674 892 abscidat
697 849 768 890 ense
791 829 892 907 pedes.

110 921 172 981 Nec
194 922 279 995 prius
302 918 396 978 insani
419 916 570 996 deponant
593 932 674 976 arma
697 914 802 975 lacerti

150 997 247 1073 Quam
267 1001 348 1062 ierus
370 1001 512 1062 Aeacides
534 1001 633 1060 viuere
656 1008 746 1078 ponat
768 998 821 1059 ibi.

415 1113 559 1216 [oenus
576 1146 767 1215 Aomnnrs]

112 1254 210 1317 Altera
233 1254 284 1315 lux
306 1251 395 1321 lucet,
420 1250 504 1313 coelo
526 1250 569 1313 sol
593 1271 701 1314 aureus
724 1256 793 1322 exit,

154 1339 268 1401 Fanum
289 1337 408 1398 Pelides
431 1335 663 1416 Antilochusque
685 1345 801 1418 petunt.

111 1423 256 1486 Credulus
279 1423 314 1484 ad
340 1439 439 1483 vocem
462 1422 597 1483 mulieris
620 1425 765 1502 provenit,
788 1424 895 1501 impos,

153 1509 292 1570 Concitus
315 1517 382 1568 ante
405 1506 495 1576 loros,
518 1508 603 1568 irrita
625 1519 693 1568 vota
715 1525 833 1584 gerens.

109 1593 168 1653 Pro
190 1592 306 1672 superi!
330 1599 471 1672 quantum
494 1592 629 1653 mortalia
652 1601 772 1671 pectora
796 1606 902 1652 caecae

152 1679 254 1738 Noctis
275 1676 401 1743 habent余
425 1680 549 1751 intrant,
571 1675 652 1736 nulla
675 1677 778 1736 nociva
801 1677 917 1735 timent.

111 1761 239 1822 Insidiae
262 1767 403 1838 surgunt余
427 1762 516 1839 capiti
538 1779 570 1820 se
592 1778 696 1821 mucro
720 1760 840 1820 maritat

153 1845 285 1922 Telaque
308 1862 363 1923 pro
386 1842 452 1905 tells
474 1843 522 1905 bic
545 1841 670 1905 volitare
690 1844 789 1912 vides3

111 1932 226 1992 Lancea
250 1947 304 2008 per
327 1947 435 2007 corpus
457 1927 603 2008 sponsalia
626 1947 711 1991 saeva
734 1929 881 2008 propinat,

155 2014 303 2075 Cerberus
325 2012 375 2073 lric
396 2015 472 2074 lesta
496 2030 555 2073 non
577 2012 766 2092 Hymenaeus
790 2022 876 2074 amat.

113 2100 261 2178 sperarat,
285 2096 389 2158 mebus
412 2097 489 2176 quod
513 2097 636 2176 pulchra
659 2099 806 2178 Polyxena
828 2097 925 2176 taedis

154 2181 238 2242 lllum
261 2182 399 2243 debuerit
420 2181 600 2244 exbilarasse
622 2186 693 2244 suis.

115 2267 164 2327 Vir
187 2285 241 2345 pro
264 2268 407 2344 virgineis
431 2267 493 2326 lera
516 2269 605 2327 sentit
627 2267 702 2328 bella
725 2267 853 2336 lacertis,

156 2351 214 2411 Pro
237 2351 319 2412 molli
339 2369 409 2411 vero
432 2350 554 2411 vulnera
578 2350 652 2410 dura
674 2360 752 2412 toro.

113 2434 188 2504 Quid
212 2436 300 2495 saciet
321 2435 397 2494 tiro?
421 2442 504 2494 caret.
525 2433 625 2493 inclita
648 2435 769 2495 dextera
792 2443 889 2503 conto,

156 2519 220 2578 Non
242 2520 300 2578 luit
322 2527 423 2578 aurata
446 2517 560 2577 casside
583 2534 684 2594 pressa
707 2538 806 2589 coma余

112 2602 177 2660 Non
201 2610 305 2677 pectus
327 2598 419 2660 lorica
443 2601 524 2677 tegit,
548 2618 607 2662 non
630 2620 717 2664 crura
740 2609 861 2664 tuentur

156 2684 260 2752 Ocrea,
284 2702 344 2744 non
366 2685 440 2744 lerri
461 2683 570 2745 lamina
592 2686 683 2747 densa
706 2687 800 2758 latus余

113 2768 175 2828 Nec
198 2766 311 2847 clipeus
335 2767 408 2828 vasti
431 2768 560 2829 caelatus
583 2773 711 2849 imagine
734 2773 838 2834 mundi

155 2858 178 2911 A
202 2851 276 2912 collo
299 2852 417 2931 pendet,
442 2853 539 2914 nudus
562 2863 688 2937 uterque
710 2864 801 2937 patet.
1027 2864 1077 2914 490

112 2936 170 2997 Pro
193 2954 296 3015 parma
319 2935 445 3016 replicat
467 2936 660 3019 chlamydem,
684 2958 788 3003 manus
810 2942 916 3021 arripit
939 2957 1052 3017 ensem,

180 3173 239 3222 463.
257 3172 378 3222 imitatio
397 3173 509 3239 Virgilii
526 3175 594 3225 Aen.
612 3176 648 3241 11,
667 3177 725 3227 268:

215 3238 332 3372 irlpgpplrps
351 3246 421 3304 eret,
441 3256 493 3306 quo
511 3243 598 3306 prima
617 3247 695 3309 quies
713 3244 877 3296 mortalibus
895 3246 987 3311 aegris

112 3371 283 3493 {ligiutg'vidii
300 3379 342 3424 est
353 3373 462 3426 Metam.
482 3376 530 3441 VI,
548 3378 606 3429 472.
627 3381 668 3432 ta.
736 3380 794 3430 481.
811 3379 910 3431 melius
928 3395 976 3444 pro
990 3378 1077 3429 codic.
