2378 3810
446 154 509 206 Lib.
530 154 565 204 11.
595 171 619 209 v.
640 156 731 205 1-26.
1038 152 1080 218 39

128 303 349 363 EXPLICIUNT
371 300 559 358 CAPITULA.
585 301 721 357 INCIPIT
738 300 929 358 SECUNDUS
946 301 1062 357 LIBER.

110 432 178 492 Non
200 422 319 504 semper
340 424 432 485 feriet
454 423 653 504 quodcunque
675 422 839 485 minabitur
860 425 958 494 arou's,

155 515 329 590 incoeptum
352 525 439 570 casus
461 525 551 587 saepe
574 508 706 569 retardat
728 526 813 588 opus.

110 602 177 661 Jam
199 596 316 676 pridem
338 601 424 672 rapta
447 592 551 654 Castor
573 591 737 672 Polluxque
760 609 866 654 sorore

154 684 267 759 Aspera
287 677 432 738 modicam
456 678 574 738 mittere
597 676 655 737 tela
678 677 809 737 student.

111 766 296 830 Praedonem
318 761 417 823 subito
439 761 553 838 galeata
576 779 650 822 nave
672 768 837 841 sequuntur

154 854 191 912 dt
212 847 323 909 Roreas
344 844 403 906 illis
425 844 531 918 obstat„
544 853 574 906 et
596 844 676 906 unda
698 846 807 914 maris;¹
860 879 863 886 ,

111 935 185 997 Nam
209 941 366 1012 postquam
388 930 503 990 solvere
525 937 620 991 ratem
644 929 681 989 de
703 930 803 991 littore
825 928 924 999 Lesbi,

155 1018 284 1080 Maxima·
303 1017 464 1094 tempestas
485 1030 645 1091 per-mare
664 1011 736 1092 jecit
760 1031 826 1082 eos;

111 1103 162 1165 Sic
185 1113 217 1162 ut
239 1100 403 1161 eorundem
425 1099 548 1173 vestigia
571 1116 629 1158 non
653 1099 810 1176 reperiret,

154 1187 215 1247 llos
237 1183 431 1264 perquisierit
451 1182 575 1244 Lesbiea
598 1181 685 1243 turba
708 1181 786 1246 licet.
1049 1191 1081 1240 ιο

112 1271 170 1332 Per
192 1268 329 1350 pelagum
353 1267 450 1327 donec
472 1266 509 1326 ad
531 1265 675 1342 Pergama
698 1274 789 1327 nauta
811 1267 944 1328 marinus

154 1353 263 1415 Ambos
285 1353 430 1432 quaesivit
452 1368 508 1411 uec
530 1351 680 1428 reperisse
703 1348 778 1411 tulit.

113 1437 226 1502 Fabula
248 1437 406 1498 stultorum
429 1435 508 1497 locat
528 1437 607 1497 inter
629 1435 728 1496 sidera
752 1434 868 1505 iratres,

154 1524 189 1584 ln
210 1521 346 1600 geminis,
370 1521 462 1590 aiunt,
486 1519 541 1581 bos
563 1519 680 1581 radiare
703 1519 795 1581 vides.

111 1606 172 1678 Qui
193 1608 279 1686 prius
300 1605 444 1672 exoritur,
467 1604 516 1665 bio
537 1602 658 1665 ultimus
681 1603 804 1672 occidit;
829 1612 860 1663 et
881 1607 932 1682 qui
1049 1613 1079 1661 15

155 1690 283 1753 Ultimus
305 1689 447 1757 exoritur,
471 1688 579 1749 occidit
599 1687 650 1749 ille
672 1688 764 1766 prior.

111 1777 206 1838 lmmo
229 1774 321 1834 Dares
342 1772 489 1852 Phrygius
511 1774 562 1850 qui
584 1771 690 1832 Troica
712 1768 827 1850 proelia
850 1772 967 1850 scripsit

154 1858 275 1920 lllorum
299 1857 381 1918 nulla
403 1857 440 1917 de
462 1874 536 1917 nece
558 1856 670 1935 scripta
691 1855 785 1917 dedit.

112 1944 173 2006 Hos
196 1951 260 2004 erat
282 1943 313 2005 in
335 1939 443 2021 'l'rojae
466 1958 582 2002 memor
604 1939 762 2001 obsidione
783 1940 910 2009 stetisse,

154 2027 230 2087 Sunt
251 2024 289 2087 ab
312 2045 347 2085 eo
370 2026 425 2086 visi
447 2034 583 2105 tempore
605 2027 688 2103 pacis
709 2024 761 2086 ibi.
1042 2033 1078 2083 20

110 2112 207 2189 Saepe
229 2110 427 2189 loquebantur
448 2108 589 2188 Trojani:
612 2111 741 2171 vidimus
762 2107 844 2178 illos;

153 2196 190 2256 Et
212 2195 283 2255 satis
305 2193 459 2255 amborum
482 2193 648 2255 disseruere
669 2201 789 2255 statum.

111 2280 263 2341 Praeclari
284 2277 359 2339 iacie
382 2276 543 2340 deductum
566 2296 677 2358 corpus
698 2277 848 2338 habebant

154 2364 291 2426 Caesarie
312 2361 390 2432 flavi,
413 2380 540 2442 corpore
562 2381 657 2443 paene
681 2363 756 2441 pari.

110 2447 224 2527 Magnis
247 2445 405 2507 stellabant
427 2446 528 2515 oculis,
551 2445 698 2507 laudabile
721 2444 820 2506 vultus
1043 2453 1076 2503 25

154 2530 250 2610 Hujus
272 2540 302 2593 et
325 2529 528 2592 membrorum
552 2531 618 2591 dico
641 2530 731 2591 icisse
753 2530 853 2590 decus.
886 2532 889 2536 ⁴
966 2598 969 2602 ⁴

110 2683 314 2693 -n--a-u-

177 2768 202 2816 4.
230 2764 298 2816 ced.
322 2765 430 2816 Moesia
452 2772 484 2816 ut
507 2772 535 2816 et
553 2767 650 2817 Dares.
675 2770 768 2815 tamen
784 2764 854 2831 Mys.
873 2764 1019 2830 legendum
1041 2765 1076 2814 ob

110 2847 221 2884 versum
238 2833 282 2882 uti
299 2835 384 2884 etiam
401 2833 483 2888 infra.
543 2835 568 2883 6.
586 2833 775 2886 Protbetelae.
832 2835 856 2887 9.
875 2832 942 2882 Cod.
960 2830 1076 2897 Naupli·

110 2914 160 2950 cus
171 2905 203 2949 ut
214 2900 309 2950 ambit.
343 2901 374 2950 In
392 2901 515 2965 margine
534 2901 673 2951 scholion:
691 2899 854 2950 Palamedes
872 2897 946 2950 filius
963 2896 1076 2964 Naupli.

109 2969 135 3020 1.
163 2966 277 3020 Horat:
309 2973 351 3019 est
378 2968 410 3020 A.
436 2969 466 3018 Ρ.
489 2984 515 3020 v.
538 2970 597 3021 350.
633 2969 693 3020 Nee
715 2982 823 3033 semper
846 2971 900 3017 ete.
969 2967 993 3020 2.
1023 2965 1077 3017 Or.

108 3032 200 3088 Amor.
218 3034 271 3098 ΙΙΙ,
291 3036 334 3098 12,
354 3037 385 3087 18

265 3102 393 3153 Phoebus
411 3106 441 3152 et
458 3105 617 3169 incoeptam
635 3101 812 3154 destituisset
829 3115 906 3166 opus.

107 3172 134 3222 6.
158 3168 224 3222 God.
244 3174 331 3234 optat.
385 3173 408 3222 l.
435 3170 502 3221 Cod.
520 3171 623 3231 Lesbo.
669 3172 711 3220 20.
729 3169 813 3219 Error
830 3168 954 3231 Alberti3
985 3169 1075 3218 Dares

109 3252 134 3286 o.
160 3239 191 3286 12
215 3235 296 3299 dicit,
326 3243 472 3303 postquam
491 3237 525 3287 de
544 3236 661 3288 Castore
680 3243 709 3288 et
725 3236 842 3287 Polluce
861 3237 933 3302 egit,
959 3236 1027 3298 „hos
1045 3249 1075 3285 se

108 3303 226 3366 vidisse,
253 3319 337 3368 quam
360 3306 490 3355 induciae
510 3310 617 3368 essent,
649 3305 750 3370 partim
768 3303 873 3370 proelio
896 3301 1076 3352 interfuisse“

109 3370 160 3420 sed
176 3370 357 3436 intelligenti:
377 3371 544 3424 Graecorum
556 3372 792 3436 Troianorumque
811 3371 905 3433 duces,
923 3369 987 3434 quia
999 3368 1076 3434 prius

110 3453 135 3490 c.
154 3440 185 3489 11
204 3439 344 3490 interiisse
358 3438 501 3491 Castorem
515 3446 543 3490 et
554 3440 694 3491 Pollucem
708 3445 774 3490 ante
788 3437 891 3489 bellum
902 3441 1079 3486 narraverat.
