2378 3810
117 174 180 238 206

118 331 150 389 Vi
176 330 359 406 tempestatis
382 330 472 388 soriis
496 327 550 388 tibi
574 330 732 389 rarificatis

162 412 213 473 Vel
235 414 334 492 rapuit
356 413 423 472 latis
445 430 499 490 per
521 413 596 472 ireta
620 413 706 491 longa
729 415 821 474 Paria.

126 497 352 577 Egrediensque
374 499 470 565 iretis
495 515 551 574 qua
575 497 670 566 sedes,
694 507 777 576 parta
801 500 910 576 quietis
945 519 948 528 ί
1038 508 1088 556 255

160 581 303 643 Cursibus
325 581 451 661 expletis
473 601 489 642 a
512 584 647 659 sapiente
669 585 756 659 petis.

117 667 240 745 Hospita
263 666 409 733 Cumanis,
433 665 610 744 impulsibus
633 674 696 728 acta
721 668 864 743 profanis,

161 751 262 811 Debita
286 750 421 829 Trojauis
444 751 501 810 lata
525 749 636 831 Sibylla
659 753 755 818 canis:

117 835 232 904 Quanta
256 844 360 914 parant
383 834 484 903 Rutili,
508 852 595 913 quam
618 835 712 912 gloria
736 843 837 912 surgat
859 835 930 903 lulis

160 916 216 987 Qui
238 937 343 998 regum
367 919 444 979 tituli
467 937 618 1000 regnaque
645 921 694 998 qui
717 920 830 1000 populi.
1031 932 1083 980 260

118 1004 196 1081 Ergo
220 1004 374 1079 damnatae
397 1021 450 1081 spe
472 1005 576 1064 firmus
598 1004 673 1064 lidus
695 1004 846 1072 Achatem,

163 1088 324 1167 Hesperiae
346 1086 422 1148 latae
446 1088 543 1148 tendis
564 1090 594 1148 iu
618 1107 687 1149 arva
709 1097 784 1150 rate.

116 1172 246 1233 Plurima
270 1170 347 1234 bella
369 1174 459 1249 geris,
485 1172 538 1234 tibi
560 1180 622 1233 tum
646 1174 709 1235 luca
733 1172 832 1234 debita
855 1178 975 1250 quaeris

160 1257 217 1317 Sed
241 1258 336 1317 lretus
358 1259 476 1335 superis
500 1258 584 1318 obvia
607 1275 742 1337 quaeque
767 1260 839 1319 teris

116 1340 236 1401 'l'uruus
261 1350 291 1400 ut
314 1341 409 1401 elatus
432 1341 485 1400 tibi
509 1344 568 1403 lata
590 1345 709 1421 tuisque
732 1343 862 1404 minatus
1029 1353 1080 1403 265

160 1424 306 1486 Occubuit
326 1433 445 1494 stratus
470 1426 539 1486 (lum
563 1427 640 1486 lodis
664 1445 735 1486 ense
758 1428 842 1487 latus.

119 1511 178 1571 Pro
201 1528 259 1589 qua
281 1517 412 1582 certatur
434 1509 488 1571 tibi
511 1512 592 1588 regia
614 1514 699 1590 virgo
722 1513 848 1579 dicatur,

158 1593 278 1674 Paxque
301 1596 493 1666 reformatur,
516 1594 585 1656 dum
608 1596 661 1656 tibi
685 1605 775 1676 nupta
798 1595 895 1657 datur.

119 1679 197 1741 Hine
218 1686 437 1760 processerunt,
461 1679 658 1760 quillomam
682 1683 912 1751 constituerunt,

160 1764 217 1835 Qui
241 1764 311 1825 dum
336 1763 412 1825 bella
434 1771 552 1842 gerunt,
576 1765 662 1825 lurtia
687 1783 822 1846 quaeque
844 1773 952 1826 terunt.
1034 1776 1084 1827 270

116 1850 153 1910 Et
175 1849 228 1907 tibi
250 1850 388 1910 lecerunt
410 1867 517 1910 numen
541 1848 619 1926 quod
643 1853 672 1909 iu
696 1858 774 1911 astra
798 1848 940 1919 tulerunt,

158 1933 206 2000 Ut,
230 1935 280 2013 qui
302 1936 488 2013 seripserunt
510 1935 634 2014 pristina
658 1943 751 2011 gesta,
774 1934 890 2005 lerunt;

116 2017 268 2097 Romaque
291 2020 474 2095 turrigerum
497 2027 584 2096 eaput
607 2019 690 2079 eliuit
713 2021 840 2080 maxima
863 2036 963 2079 rerum

158 2102 230 2162 Tam
255 2102 333 2161 duno
356 2119 496 2179 superum
521 2119 608 2178 quam
630 2103 735 2164 studiis
758 2121 926 2180 procerum.

120 2186 170 2245 Sic
193 2184 229 2245 er
250 2188 348 2246 Aenea
372 2193 512 2245 creseunt
534 2186 671 2248 Romane
693 2187 834 2266 trophaea
1030 2195 1081 2243 275

159 2270 208 2330 Sic
230 2287 304 2347 gens
325 2269 466 2331 Romulea
491 2273 585 2348 surgit
607 2271 644 2332 ab
668 2272 820 2332 Hectorea.
