2378 3810
435 147 498 198 Lib.
516 148 563 202 IV.
599 162 626 198 v.
647 148 738 197 1-18.

103 303 221 365 Pelides
244 308 379 363 remanet
400 299 578 377 Troilusque
601 307 739 360 cruentat
759 298 879 359 Atrides

104 389 177 450 Cum
201 386 342 448 Diomede
365 383 454 451 duos;
478 403 535 463 pax
557 383 711 445 mensibus
733 387 851 460 integra
873 383 963 443 senis.

102 475 167 536 Non
189 472 290 552 prodit
313 470 445 548 quamvis
468 486 484 529 a
506 486 578 546 rege
600 477 722 546 rogatus
743 466 883 528 Achilles
1055 473 1070 523 5

24 572 26 578 ’
102 560 204 636 Pugna
228 557 287 627 diu,
315 573 373 634 pax
396 571 499 614 mense
522 556 613 630 viget;
637 572 689 614 sex
712 570 810 632 pugna
833 551 946 612 diebus.

103 644 235 721 Septima
257 657 337 700 mors
360 636 464 705 Troili,
487 637 520 697 lit
542 657 598 716 pax
620 639 743 716 triginta
767 639 892 698 dierum.

103 725 221 788 Occidit
243 722 396 786 Aeacides.
441 722 500 782 Pro
522 721 638 801 Pyrrho
661 724 751 783 mittit
772 722 900 783 Atrides

104 811 226 873 Occisor
248 808 364 870 Paridis
386 809 416 867 in
441 807 546 868 castris
568 806 671 867 interit
693 807 775 886 Ajax.
869 840 873 850 ·

102 895 222 975 Trojam
245 891 432 954 circumdant
453 898 484 951 et
505 889 690 952 Penthesilea
713 892 903 970 propinquat.
1040 897 1072 945 10

218 1154 221 1161 .
296 1092 596 1176 EXPLIOIUNT
625 1093 875 1155 CAPITULA.

349 1209 490 1261 ruerem
507 1211 620 1263 menn
636 1186 821 1276 'odoenus

316 1306 464 1362 unsrun
482 1307 671 1374 nuculeum
690 1307 855 1364 chancre.

102 1418 222 1481 Addidit
243 1413 390 1476 invalidae
413 1411 506 1474 robur
529 1415 665 1476 facundia
690 1433 806 1484 causae,

144 1502 267 1581 Saepius
291 1507 320 1559 et
343 1500 464 1559 moestis
486 1499 639 1560 commoda
662 1500 754 1561 multa
778 1498 855 1560 tulit.

100 1587 229 1650 Lucidus
250 1586 282 1644 in
305 1583 403 1644 causis
425 1577 541 1654 Nestor,
565 1583 617 1644 sed
640 1584 792 1646 muscidus
815 1584 910 1654 annis,

143 1672 268 1734 Nomine
292 1666 407 1728 consilii
429 1670 524 1745 poscit
545 1668 650 1730 adesse
674 1668 777 1732 duces

101 1758 147 1818 Me
170 1754 277 1817 melius
301 1753 395 1812 nostis
419 1768 452 1812 ea
476 1770 552 1831 quae
575 1752 698 1832 loquor;
723 1759 768 1813 est
790 1751 979 1813 manifestum
1054 1759 1070 1808 o

143 1838 227 1911 Quod
250 1854 353 1899 sumus
377 1836 518 1915 acephali,
542 1854 614 1915 rege
636 1855 782 1907 caremus
806 1838 856 1898 ait.

100 1927 201 2005 Turpe
224 1938 316 2002 pecus
339 1921 486 1992 mutilum,
510 1923 607 2000 turpis
630 1923 693 1982 sine
715 1923 849 2000 gramine
873 1938 1005 2000 campus,

142 2011 179 2070 llt
201 2010 265 2069 sine
289 2004 395 2066 fronde
417 2006 516 2068 frutex
539 2014 569 2067 et
590 2009 654 2068 sine
677 2009 759 2068 crine
782 2014 886 2086 caput;

101 2095 137 2154 Et
161 2112 229 2154 vere
253 2091 349 2169 turpis
372 2094 521 2153 exercitus
544 2093 674 2154 estsine
697 2109 778 2172 rege,

143 2179 306 2255 Praecipue
328 2174 400 2236 belli
422 2195 490 2237 cum
512 2184 604 2238 status
626 2179 716 2239 instat
740 2179 777 2239 ei.

100 2262 216 2324 Bellum
239 2279 299 2322 non
320 2263 421 2331 instat,
445 2264 537 2322 immo
561 2264 708 2323 veraciter
730 2269 820 2330 extat,

143 2345 301 2408 lntrahunt
322 2344 434 2415 hostes
459 2346 506 2404 vix
530 2348 586 2405 erit
609 2354 672 2406 orta
696 2345 770 2413 dies,

101 2433 282 2509 Praeceptor
306 2430 371 2506 quis
394 2437 498 2489 noster
521 2428 596 2489 erit?
618 2445 668 2490 res
691 2426 794 2489 bellica
819 2426 888 2488 duci

141 2517 208 2577 Non
231 2513 310 2573 valet
332 2511 445 2591 absque
469 2511 554 2583 duce,
578 2529 639 2573 non
662 2514 725 2573 sine
748 2529 819 2590 rege
841 2512 915 2590 regi.

100 2599 244 2660 Errantes
268 2598 389 2667 erimus,
412 2599 438 2656 si
460 2604 657 2676 praeceptore
679 2614 824 2666 caremus,
1036 2602 1067 2652 15

142 2682 202 2743 Nos
225 2689 255 2742 et
278 2699 353 2761 quae
378 2680 512 2751 tulimus,
536 2681 671 2744 hostibus
694 2701 776 2745 arma
799 2681 913 2743 damus.

98 2769 162 2829 Rex
186 2769 390 2844 Agamemnon
413 2762 485 2835 erat,
509 2766 558 2828 hic
580 2769 677 2838 cessit,
701 2771 751 2829 cui
773 2767 947 2829 Palamedes

141 2851 222 2912 lllico
245 2852 400 2922 successit,
424 2850 503 2912 illico
525 2854 583 2912 cito
606 2855 676 2913 ruit.
902 2848 906 2856 ’

97 3053 197 3104 indicis
216 3053 424 3118 inscriptionem
442 3054 523 3118 quasi
539 3055 620 3119 primi
639 3055 755 3121 capituli
774 3054 856 3105 fecit:
879 3054 1067 3119 Agamemnon

96 3123 199 3172 iterum
217 3126 323 3187 regnat.

178 3192 200 3238 t.
229 3189 338 3239 Lucani
366 3193 409 3238 est
436 3188 533 3238 Pharo.
552 3189 618 3252 vlt,
646 3193 686 3246 67.
790 3195 815 3244 3.
834 3206 848 3240 e
867 3189 991 3255 margine
1015 3203 1064 3253 pro

96 3257 229 3307 mucidus.
288 3258 312 3307 t.
331 3258 356 3308 8.
377 3256 427 3307 Ov.
444 3256 496 3307 Ars
514 3257 564 3320 111,
583 3259 642 3309 249.
661 3261 701 3315 50.
757 3261 781 3310 9.
800 3261 839 3312 ld.
858 3256 968 3308 Gualth.
987 3255 1065 3306 Alex.

96 3325 222 3387 1V,467.
241 3326 266 3377 8.
301 3324 360 3375 Nec
379 3325 484 3375 munire
503 3323 578 3375 latus
597 3329 680 3377 armis
699 3327 758 3376 sine
777 3341 846 3378 voce
861 3324 996 3389 jubentis,

298 3393 344 3443 Ire
362 3407 415 3442 nec
433 3393 463 3441 in
480 3396 586 3443 turmae
605 3394 689 3446 audet
706 3395 766 3446 eine
784 3393 911 3460 principe
930 3391 1022 3446 miles.

97 3458 136 3512 12.
157 3458 236 3510 ovid.
254 3460 332 3512 Fust.
351 3461 387 3522 Il,
408 3461 458 3511 330
492 3485 524 3496 -
544 3487 576 3497 -
597 3479 661 3514 cum
675 3462 754 3514 leret
771 3466 838 3513 orta*
854 3461 930 3510 dies.
