2378 3810
139 152 164 199 x
477 115 480 120 ’
545 137 699 189 Praefatio.

161 289 239 363 „Sed
263 288 383 367 Phrygii
406 296 488 349 tenet
511 289 666 350 historiam
688 289 766 352 liber
788 294 843 355 iste
867 295 991 364 Daretis,

204 375 260 447 Qui
283 380 402 452 praeter
423 390 526 433 verum
548 373 696 452 scriptitat
717 376 787 438 inde
810 377 892 439 nibil.

162 461 248 522 Hunc
270 475 380 537 sequor
403 465 482 518 etc.“
905 477 907 480 ⁴

141 554 171 606 et
193 544 252 605 lib.¹
265 541 313 603 vl.
335 561 360 601 v.
384 538 445 603 697
461 560 525 620 sqq.

161 627 268 699 „Nulla
292 636 447 707 poetarum
471 628 571 705 posuit
593 629 741 704 figmenta,
766 627 882 689 Daretis

203 713 364 773 Historiam
386 709 466 773 soliti
489 711 633 780 scribere,
656 729 725 772 vera
747 720 862 773 tenens.

162 795 199 858 Et
221 797 368 875 Phrygius
390 795 448 855 luit
469 793 518 856 iile
541 796 643 866 Dares,
667 803 697 856 et
719 805 854 875 tempore
875 797 944 859 belli

203 882 269 957 lpse
291 878 410 959 quidem
434 877 520 940 miles
543 879 657 956 proelia
679 883 741 941 visa
762 883 886 942 relert“.

225 965 283 1026 Sed
316 965 502 1024 narrationes
535 971 565 1024 et
597 962 792 1026 allocutiones
827 983 911 1027 more
947 975 1105 1045 poetarum

139 1051 340 1117 intercalavit,
373 1066 449 1127 quae
481 1067 497 1108 a
525 1051 649 1110 veritate
683 1068 743 1110 nou
773 1051 943 1128 discrepare
976 1060 1005 1111 et
1037 1070 1108 1113 cum

141 1135 248 1195 Darete
272 1135 337 1214 (clr.
360 1133 411 1193 lib.
434 1133 482 1194 lii.
501 1152 527 1193 v.
548 1129 610 1196 241
626 1133 699 1213 sqq.)
724 1152 891 1212 congruere
914 1134 1106 1197 videbantur:

161 1219 268 1289 „Hunc
304 1218 463 1294 (Daretem)
500 1235 610 1296 sequor
646 1217 785 1279 adhibitis
825 1218 976 1280 interdum
1013 1220 1106 1282 verba

588 1319 720 1362 virorum

204 1387 321 1456 Quaeve
344 1383 542 1464 loquebantur
564 1384 610 1445 vel
632 1393 757 1464 potuere
779 1384 871 1466 loqui.

163 1470 292 1531 Ponatur
315 1467 394 1549 quod
419 1467 502 1528 ethi
524 1486 583 1530 non
607 1471 669 1531 sint
691 1488 724 1530 ea
747 1471 825 1531 lorte
847 1471 947 1541 locuti,

205 1556 317 1615 Causae
340 1555 505 1633 praesentis
528 1563 598 1614 sunt
618 1560 718 1615 tamen
741 1562 808 1634 apta
830 1559 907 1617 rei“.

225 1637 380 1716 Virgilium
413 1644 444 1697 et
475 1637 638 1698 Homerum
667 1638 859 1700 vehementer
892 1639 931 1700 ob
961 1641 1106 1709 fictiones,

140 1734 173 1786 ut
195 1725 285 1785 etiam
317 1722 417 1802 Dictys
444 1729 474 1782 et
496 1721 592 1782 Guido
622 1721 658 1782 de
682 1722 824 1784 Columna
851 1724 996 1794 fecerant,
1031 1727 1106 1786 ritu·

104 1847 113 1868 .
143 1816 242 1888 perat,
271 1809 302 1868 id
324 1807 403 1886 quod
432 1805 515 1868 iocus
537 1805 589 1867 lib.
613 1805 653 1866 ill
676 1826 701 1866 v.
726 1804 798 1868 217.
821 1804 884 1870 227
900 1828 965 1888 sqq.
989 1809 1025 1869 de
1049 1809 1107 1869 Do·

140 1891 208 1953 lone
231 1899 261 1952 et
282 1892 373 1953 Rhesi
396 1893 479 1971 equis
502 1892 573 1951 satis
585 1891 692 1961 docet,
715 1891 766 1952 nbi
789 1891 873 1953 dicit:

163 1976 340 2058 „Trojanos
365 1986 440 2051 qnos
463 1975 637 2054 prodiderit,
662 1977 805 2036 mentitur
828 1976 999 2038 Homerus⁴‘

162 2061 244 2132 „Hos
266 2060 401 2138 rapuisse
424 2056 522 2126 simul,
546 2076 621 2138 quos
643 2057 723 2120 nulla
747 2062 848 2138 perire
872 2063 976 2139 sagitta

205 2144 307 2205 Posset
329 2143 494 2222 nubigenas
516 2142 565 2202 hic
588 2145 764 2204 memoravit
786 2162 889 2223 equos.

166 2228 351 2292 Crediderim
375 2229 417 2287 sic
440 2227 569 2287 dicenti?
592 2229 658 2308 quis
680 2227 759 2288 nube
782 2236 898 2288 creatos

204 2314 228 2373 Α
249 2314 348 2392 primo
371 2309 473 2372 mundi
496 2318 631 2391 tempore
654 2312 727 2373 vidit
749 2313 861 2392 equos?

162 2398 227 2458 Non
251 2398 361 2457 miror!
384 2395 495 2475 majora
518 2403 618 2457 movet
639 2397 793 2457 mendacia
816 2395 904 2467 bello,

205 2486 257 2545 Isti
279 2502 370 2562 quum
393 2482 468 2542 duos
490 2489 592 2542 narret
613 2481 716 2543 adesse
739 2482 820 2541 deos.

163 2571 221 2631 Pro
244 2568 346 2628 Pelide
368 2567 479 2636 Thetis
503 2584 557 2645 pro
580 2567 704 2627 Graecis
725 2567 803 2626 iuno
827 2567 938 2627 latetur
969 2594 1000 2615 a

205 2653 242 2713 Et
263 2653 340 2731 quod
366 2668 420 2729 pro
442 2649 698 2710 Paride-moverit
720 2667 802 2709 arma
825 2649 934 2711 Venus.

163 2738 322 2799 Praeterea
345 2742 429 2796 recto
451 2751 511 2793 non
534 2736 644 2794 cecinit
666 2733 771 2795 ordine
795 2730 906 2794 bellum

207 2822 262 2882 Aut
285 2838 301 2880 a
324 2817 478 2887 militibus,
502 2818 553 2897 qui
575 2817 720 2886 cecidere,
744 2815 860 2897 quibus.

164 2905 246 2965 Hanc
268 2922 385 2983 quoque
409 2902 562 2962 materiam
585 2903 723 2978 figmenta
745 2903 861 2976 poetica
885 2900 995 2962 nebant

207 2987 290 3047 Sicut
310 2986 452 3062 Virgilius
475 3003 557 3044 arma
580 2986 736 3062 virumque
760 2995 902 3045 canens“.

228 3070 435 3139 Narrationes,
465 3085 537 3145 quas
559 3065 699 3128 Albertus
726 3067 883 3127 intercalat
905 3069 1021 3136 Dareti,
1052 3067 1108 3126 hae

143 3163 225 3214 sunt:
265 3155 503 3230 Argonautarum
536 3151 686 3227 migratio,
718 3152 834 3211 Jasonis
863 3149 938 3209 lacta
972 3149 1107 3218 heroica,

145 3236 280 3314 dialogus
303 3238 382 3296 iuter
405 3234 541 3295 Paridem
565 3244 595 3294 et
616 3234 769 3304 Helenam,
792 3233 906 3293 reditus
926 3232 1107 3293 Graecorum

149 3319 320 3399 (secundum
345 3318 468 3398 Dietym)
493 3327 522 3378 et
549 3316 604 3378 alia
633 3335 708 3396 quae
738 3328 836 3378 tamen
859 3319 944 3396 parvi
965 3319 1109 3377 momenti

143 3415 222 3465 scrut.
261 3404 352 3464 Libro
376 3407 489 3480 quinto,
513 3402 563 3463 ubi
580 3402 765 3464 Penthesilea
782 3401 903 3480 Trojano
926 3401 1013 3470 venit,
1037 3419 1108 3480 pro-
