<?xml version="1.0" encoding="UTF-8"?>
<!DOCTYPE html PUBLIC "-//W3C//DTD XHTML 1.0 Transitional//EN"
    "http://www.w3.org/TR/xhtml1/DTD/xhtml1-transitional.dtd">
<html xmlns="http://www.w3.org/1999/xhtml" xml:lang="en" lang="en">
 <head>
  <title>
</title>
<meta http-equiv="Content-Type" content="text/html;charset=utf-8" />
  <meta name='ocr-system' content='tesseract 3.04.00' />
  <meta name='ocr-capabilities' content='ocr_page ocr_carea ocr_par ocr_line ocrx_word'/>
</head>
<body>
  <div class='ocr_page' id='page_1' title='image "./troilus00hildgoog_0147.png"; bbox 0 0 2378 3810; ppageno 0'>
   <div class='ocr_carea' id='block_1_1' title="bbox 153 163 954 384">
    <p class='ocr_par' dir='ltr' id='par_1_1' title="bbox 153 163 954 384">
     <span class='ocr_line' id='line_1_1' title="bbox 153 163 851 226; baseline -0.001 -8"><span class='ocrx_word' id='word_1_1' title='bbox 153 163 213 226; x_wconf 82' lang='grc'>122</span> <span class='ocrx_word' id='word_1_2' title='bbox 504 164 566 217; x_wconf 91' lang='lat' dir='ltr'>Lib.</span> <span class='ocrx_word' id='word_1_3' title='bbox 584 165 632 214; x_wconf 87' lang='lat' dir='ltr'>1v.</span> <span class='ocrx_word' id='word_1_4' title='bbox 662 181 689 217; x_wconf 88' lang='lat' dir='ltr'>v.</span> <span class='ocrx_word' id='word_1_5' title='bbox 707 167 851 217; x_wconf 74' lang='lat' dir='ltr'>eoa-630.</span> 
     </span>
     <span class='ocr_line' id='line_1_2' title="bbox 314 309 954 384; baseline 0.006 -21"><span class='ocrx_word' id='word_1_6' title='bbox 314 310 465 379; x_wconf 77' lang='lat' dir='ltr'>[Locrus</span> <span class='ocrx_word' id='word_1_7' title='bbox 483 309 711 366; x_wconf 83' lang='lat' dir='ltr'>TEUCRORUM</span> <span class='ocrx_word' id='word_1_8' title='bbox 728 312 777 367; x_wconf 83' lang='lat' dir='ltr'>DE</span> <span class='ocrx_word' id='word_1_9' title='bbox 796 313 954 384; x_wconf 74' lang='lat' dir='ltr'>Panthu]</span> 
     </span>
    </p>
   </div>
   <div class='ocr_carea' id='block_1_2' title="bbox 73 433 1122 1774">
    <p class='ocr_par' dir='ltr' id='par_1_2' title="bbox 73 433 888 596">
     <span class='ocr_line' id='line_1_3' title="bbox 73 433 888 512; baseline 0.002 -18"><span class='ocrx_word' id='word_1_10' title='bbox 73 471 84 494; x_wconf 53' lang='lat' dir='ltr'>a</span> <span class='ocrx_word' id='word_1_11' title='bbox 150 435 272 495; x_wconf 88' lang='lat' dir='ltr'>Postera</span> <span class='ocrx_word' id='word_1_12' title='bbox 295 433 451 512; x_wconf 83' lang='lat' dir='ltr'>depulerat</span> <span class='ocrx_word' id='word_1_13' title='bbox 472 433 573 493; x_wconf 89' lang='lat' dir='ltr'>stellas</span> <span class='ocrx_word' id='word_1_14' title='bbox 595 435 710 495; x_wconf 80' lang='lat' dir='ltr'>Aurora</span> <span class='ocrx_word' id='word_1_15' title='bbox 734 438 888 502; x_wconf 89' lang='lat' dir='ltr'>micantes,</span> 
     </span>
     <span class='ocr_line' id='line_1_4' title="bbox 193 515 887 596; baseline -0.001 -18"><span class='ocrx_word' id='word_1_16' title='bbox 193 520 360 596; x_wconf 83' lang='lat' dir='ltr'>Exquirunt</span> <span class='ocrx_word' id='word_1_17' title='bbox 383 515 475 577; x_wconf 90' lang='lat' dir='ltr'>luteas</span> <span class='ocrx_word' id='word_1_18' title='bbox 498 535 624 594; x_wconf 87' lang='lat' dir='ltr'>corpora</span> <span class='ocrx_word' id='word_1_19' title='bbox 649 526 741 579; x_wconf 88' lang='lat' dir='ltr'>strata</span> <span class='ocrx_word' id='word_1_20' title='bbox 764 519 887 581; x_wconf 83' lang='lat' dir='ltr'>domos..</span> 
     </span>
    </p>

    <p class='ocr_par' dir='ltr' id='par_1_3' title="bbox 149 601 1122 764">
     <span class='ocr_line' id='line_1_5' title="bbox 149 601 1122 678; baseline 0.002 -15"><span class='ocrx_word' id='word_1_21' title='bbox 149 602 308 663; x_wconf 87' lang='lat' dir='ltr'>Subterrat</span> <span class='ocrx_word' id='word_1_22' title='bbox 329 601 467 661; x_wconf 81' lang='lat' dir='ltr'>Paridem</span> <span class='ocrx_word' id='word_1_23' title='bbox 489 602 584 678; x_wconf 87' lang='lat' dir='ltr'>regali</span> <span class='ocrx_word' id='word_1_24' title='bbox 609 604 691 663; x_wconf 90' lang='lat' dir='ltr'>curia</span> <span class='ocrx_word' id='word_1_25' title='bbox 716 603 805 670; x_wconf 90' lang='lat' dir='ltr'>cultu,</span> <span class='ocrx_word' id='word_1_26' title='bbox 1069 617 1122 665; x_wconf 75' lang='lat'>605</span> 
     </span>
     <span class='ocr_line' id='line_1_6' title="bbox 191 684 841 764; baseline 0 -17"><span class='ocrx_word' id='word_1_27' title='bbox 191 689 295 747; x_wconf 86' lang='lat' dir='ltr'>Vivum</span> <span class='ocrx_word' id='word_1_28' title='bbox 317 684 483 746; x_wconf 79' lang='lat' dir='ltr'>debuerant</span> <span class='ocrx_word' id='word_1_29' title='bbox 506 703 594 761; x_wconf 88' lang='lat' dir='ltr'>quern</span> <span class='ocrx_word' id='word_1_30' title='bbox 617 685 758 764; x_wconf 80' lang='lat' dir='ltr'>sepelisse</span> <span class='ocrx_word' id='word_1_31' title='bbox 781 689 841 754; x_wconf 83' lang='lat' dir='ltr'>diu,</span> 
     </span>
    </p>

    <p class='ocr_par' dir='ltr' id='par_1_4' title="bbox 149 769 883 932">
     <span class='ocr_line' id='line_1_7' title="bbox 149 769 883 851; baseline 0.005 -23"><span class='ocrx_word' id='word_1_32' title='bbox 149 771 237 831; x_wconf 79' lang='lat' dir='ltr'>Vivus</span> <span class='ocrx_word' id='word_1_33' title='bbox 260 769 338 830; x_wconf 88' lang='lat' dir='ltr'>enim</span> <span class='ocrx_word' id='word_1_34' title='bbox 362 770 469 829; x_wconf 90' lang='lat' dir='ltr'>multos</span> <span class='ocrx_word' id='word_1_35' title='bbox 493 770 643 830; x_wconf 85' lang='lat' dir='ltr'>occiderat</span> <span class='ocrx_word' id='word_1_36' title='bbox 665 773 740 850; x_wconf 82' lang='lat' dir='ltr'>ipse,</span> <span class='ocrx_word' id='word_1_37' title='bbox 764 770 883 851; x_wconf 78' lang='lat' dir='ltr'><strong>fuitque</strong></span> 
     </span>
     <span class='ocr_line' id='line_1_8' title="bbox 192 852 870 932; baseline 0.001 -17"><span class='ocrx_word' id='word_1_38' title='bbox 192 855 360 915; x_wconf 79' lang='lat' dir='ltr'>Innumeris</span> <span class='ocrx_word' id='word_1_39' title='bbox 382 852 500 932; x_wconf 87' lang='lat' dir='ltr'>populis</span> <span class='ocrx_word' id='word_1_40' title='bbox 522 852 640 932; x_wconf 89' lang='lat' dir='ltr'>publiea</span> <span class='ocrx_word' id='word_1_41' title='bbox 663 872 753 915; x_wconf 88' lang='lat' dir='ltr'>causa</span> <span class='ocrx_word' id='word_1_42' title='bbox 776 859 870 916; x_wconf 89' lang='lat' dir='ltr'>necis.</span> 
     </span>
    </p>

    <p class='ocr_par' dir='ltr' id='par_1_5' title="bbox 149 936 1121 1086">
     <span class='ocr_line' id='line_1_9' title="bbox 149 936 939 1020; baseline 0.003 -22"><span class='ocrx_word' id='word_1_43' title='bbox 149 939 294 1000; x_wconf 83' lang='lat' dir='ltr'>Ledaeam</span> <span class='ocrx_word' id='word_1_44' title='bbox 317 938 430 1015; x_wconf 88' lang='lat' dir='ltr'>pariter</span> <span class='ocrx_word' id='word_1_45' title='bbox 452 936 568 997; x_wconf 89' lang='lat' dir='ltr'>Paridis</span> <span class='ocrx_word' id='word_1_46' title='bbox 590 956 672 999; x_wconf 88' lang='lat' dir='ltr'>mors</span> <span class='ocrx_word' id='word_1_47' title='bbox 694 938 788 1007; x_wconf 90' lang='lat' dir='ltr'>laesit,</span> <span class='ocrx_word' id='word_1_48' title='bbox 813 957 939 1020; x_wconf 89' lang='lat' dir='ltr'>eamque</span> 
     </span>
     <span class='ocr_line' id='line_1_10' title="bbox 193 1021 1121 1086; baseline 0.004 -5"><span class='ocrx_word' id='word_1_49' title='bbox 193 1023 264 1082; x_wconf 87' lang='lat' dir='ltr'>Esse</span> <span class='ocrx_word' id='word_1_50' title='bbox 287 1022 454 1082; x_wconf 83' lang='lat' dir='ltr'>dolorosam</span> <span class='ocrx_word' id='word_1_51' title='bbox 478 1022 598 1081; x_wconf 87' lang='lat' dir='ltr'>lacrima</span> <span class='ocrx_word' id='word_1_52' title='bbox 621 1021 712 1083; x_wconf 91' lang='lat' dir='ltr'>multa</span> <span class='ocrx_word' id='word_1_53' title='bbox 737 1023 834 1084; x_wconf 89' lang='lat' dir='ltr'>docet.</span> <span class='ocrx_word' id='word_1_54' title='bbox 1068 1037 1121 1086; x_wconf 82' lang='lat'>610</span> 
     </span>
    </p>

    <p class='ocr_par' dir='ltr' id='par_1_6' title="bbox 148 1104 844 1184">
     <span class='ocr_line' id='line_1_11' title="bbox 148 1104 844 1184; baseline -0.001 -16"><span class='ocrx_word' id='word_1_55' title='bbox 148 1107 256 1168; x_wconf 81' lang='lat' dir='ltr'>Prodit</span> <span class='ocrx_word' id='word_1_56' title='bbox 279 1109 357 1166; x_wconf 91' lang='lat' dir='ltr'>enim</span> <span class='ocrx_word' id='word_1_57' title='bbox 382 1104 481 1166; x_wconf 86' lang='lat' dir='ltr'>luctus</span> <span class='ocrx_word' id='word_1_58' title='bbox 503 1104 726 1167; x_wconf 86' lang='lat' dir='ltr'>inconsolabilis</span> <span class='ocrx_word' id='word_1_59' title='bbox 749 1111 844 1184; x_wconf 89' lang='lat' dir='ltr'>ipsam</span> 
     </span>
    </p>

    <p class='ocr_par' dir='ltr' id='par_1_7' title="bbox 166 1189 813 1273">
     <span class='ocr_line' id='line_1_12' title="bbox 166 1189 813 1273; baseline 0.003 -25"><span class='ocrx_word' id='word_1_60' title='bbox 166 1268 170 1273; x_wconf 9' lang='grc' dir='ltr'><strong>ἡ</strong></span> <span class='ocrx_word' id='word_1_61' title='bbox 191 1191 267 1251; x_wconf 86' lang='lat' dir='ltr'>Vere</span> <span class='ocrx_word' id='word_1_62' title='bbox 290 1191 442 1251; x_wconf 90' lang='lat' dir='ltr'>tristitiam</span> <span class='ocrx_word' id='word_1_63' title='bbox 465 1207 525 1250; x_wconf 93' lang='lat' dir='ltr'>non</span> <span class='ocrx_word' id='word_1_64' title='bbox 549 1189 687 1251; x_wconf 88' lang='lat' dir='ltr'>habuisse</span> <span class='ocrx_word' id='word_1_65' title='bbox 710 1191 813 1251; x_wconf 89' lang='lat' dir='ltr'>levem.</span> 
     </span>
    </p>

    <p class='ocr_par' dir='ltr' id='par_1_8' title="bbox 107 1273 928 1436">
     <span class='ocr_line' id='line_1_13' title="bbox 107 1273 928 1350; baseline 0.001 -14"><span class='ocrx_word' id='word_1_66' title='bbox 107 1335 115 1350; x_wconf 74' lang='grc'><em>,</em></span> <span class='ocrx_word' id='word_1_67' title='bbox 147 1275 211 1336; x_wconf 82' lang='lat' dir='ltr'>Rex</span> <span class='ocrx_word' id='word_1_68' title='bbox 235 1292 301 1334; x_wconf 88' lang='lat' dir='ltr'>cum</span> <span class='ocrx_word' id='word_1_69' title='bbox 325 1275 427 1350; x_wconf 88' lang='lat' dir='ltr'>regina</span> <span class='ocrx_word' id='word_1_70' title='bbox 451 1273 633 1345; x_wconf 88' lang='lat' dir='ltr'>considerat;</span> <span class='ocrx_word' id='word_1_71' title='bbox 658 1282 703 1334; x_wconf 89' lang='lat' dir='ltr'>est</span> <span class='ocrx_word' id='word_1_72' title='bbox 726 1275 928 1346; x_wconf 78' lang='lat' dir='ltr'>manifestum,</span> 
     </span>
     <span class='ocr_line' id='line_1_14' title="bbox 190 1359 868 1436; baseline 0.004 -17"><span class='ocrx_word' id='word_1_73' title='bbox 190 1360 254 1419; x_wconf 86' lang='lat' dir='ltr'>Rex</span> <span class='ocrx_word' id='word_1_74' title='bbox 278 1360 328 1436; x_wconf 85' lang='lat' dir='ltr'>ait,</span> <span class='ocrx_word' id='word_1_75' title='bbox 353 1359 430 1419; x_wconf 89' lang='lat' dir='ltr'>hane</span> <span class='ocrx_word' id='word_1_76' title='bbox 455 1376 522 1416; x_wconf 87' lang='lat' dir='ltr'>vera</span> <span class='ocrx_word' id='word_1_77' title='bbox 547 1375 600 1418; x_wconf 90' lang='lat' dir='ltr'>nos</span> <span class='ocrx_word' id='word_1_78' title='bbox 623 1359 776 1420; x_wconf 89' lang='lat' dir='ltr'>adamasse</span> <span class='ocrx_word' id='word_1_79' title='bbox 799 1360 868 1422; x_wconf 83' lang='lat' dir='ltr'>side.</span> 
     </span>
    </p>

    <p class='ocr_par' dir='ltr' id='par_1_9' title="bbox 147 1441 1120 1605">
     <span class='ocr_line' id='line_1_15' title="bbox 147 1441 1120 1523; baseline 0.001 -20"><span class='ocrx_word' id='word_1_80' title='bbox 147 1441 200 1504; x_wconf 86' lang='lat' dir='ltr'>Illa</span> <span class='ocrx_word' id='word_1_81' title='bbox 223 1443 296 1503; x_wconf 90' lang='lat' dir='ltr'>fides</span> <span class='ocrx_word' id='word_1_82' title='bbox 319 1441 410 1502; x_wconf 89' lang='lat' dir='ltr'>inlida</span> <span class='ocrx_word' id='word_1_83' title='bbox 434 1443 529 1510; x_wconf 86' lang='lat' dir='ltr'>nimis,</span> <span class='ocrx_word' id='word_1_84' title='bbox 555 1441 731 1523; x_wconf 81' lang='lat' dir='ltr'>bonitasque</span> <span class='ocrx_word' id='word_1_85' title='bbox 754 1444 885 1522; x_wconf 90' lang='lat' dir='ltr'>maligna</span> <span class='ocrx_word' id='word_1_86' title='bbox 1066 1455 1120 1505; x_wconf 85' lang='grc'>615</span> 
     </span>
     <span class='ocr_line' id='line_1_16' title="bbox 190 1524 777 1605; baseline 0.003 -19"><span class='ocrx_word' id='word_1_87' title='bbox 190 1527 312 1587; x_wconf 82' lang='lat' dir='ltr'>infamis</span> <span class='ocrx_word' id='word_1_88' title='bbox 335 1526 422 1595; x_wconf 84' lang='lat' dir='ltr'>lama,</span> <span class='ocrx_word' id='word_1_89' title='bbox 446 1524 509 1586; x_wconf 90' lang='lat' dir='ltr'>laus</span> <span class='ocrx_word' id='word_1_90' title='bbox 531 1525 578 1586; x_wconf 91' lang='lat' dir='ltr'>lue</span> <span class='ocrx_word' id='word_1_91' title='bbox 602 1527 691 1605; x_wconf 95' lang='lat' dir='ltr'>plena</span> <span class='ocrx_word' id='word_1_92' title='bbox 713 1528 777 1597; x_wconf 86' lang='lat' dir='ltr'>luit,</span> 
     </span>
    </p>

    <p class='ocr_par' dir='ltr' id='par_1_10' title="bbox 149 1609 1101 1774">
     <span class='ocr_line' id='line_1_17' title="bbox 149 1609 1101 1689; baseline 0.005 -19"><span class='ocrx_word' id='word_1_93' title='bbox 149 1609 231 1681; x_wconf 85' lang='lat' dir='ltr'>Quae</span> <span class='ocrx_word' id='word_1_94' title='bbox 254 1613 409 1689; x_wconf 91' lang='lat' dir='ltr'>proprium</span> <span class='ocrx_word' id='word_1_95' title='bbox 432 1611 575 1689; x_wconf 89' lang='lat' dir='ltr'>populum</span> <span class='ocrx_word' id='word_1_96' title='bbox 599 1619 801 1679; x_wconf 79' lang='lat' dir='ltr'>contemnens,</span> <span class='ocrx_word' id='word_1_97' title='bbox 817 1615 918 1672; x_wconf 81' lang='lat' dir='ltr'>&#39;immo</span> <span class='ocrx_word' id='word_1_98' title='bbox 941 1611 1101 1674; x_wconf 87' lang='lat' dir='ltr'>maritum</span> 
     </span>
     <span class='ocr_line' id='line_1_18' title="bbox 194 1694 967 1774; baseline 0 -19"><span class='ocrx_word' id='word_1_99' title='bbox 194 1694 317 1756; x_wconf 85' lang='lat' dir='ltr'>Moecha</span> <span class='ocrx_word' id='word_1_100' title='bbox 342 1695 406 1763; x_wconf 89' lang='lat' dir='ltr'>luit,</span> <span class='ocrx_word' id='word_1_101' title='bbox 429 1695 588 1756; x_wconf 91' lang='lat' dir='ltr'>moechum</span> <span class='ocrx_word' id='word_1_102' title='bbox 610 1713 700 1774; x_wconf 84' lang='lat' dir='ltr'>prava</span> <span class='ocrx_word' id='word_1_103' title='bbox 723 1703 822 1756; x_wconf 91' lang='lat' dir='ltr'>secuta</span> <span class='ocrx_word' id='word_1_104' title='bbox 846 1694 967 1757; x_wconf 89' lang='lat' dir='ltr'>malum.</span> 
     </span>
    </p>
   </div>
   <div class='ocr_carea' id='block_1_3' title="bbox 244 1907 1019 1979">
    <p class='ocr_par' dir='ltr' id='par_1_11' title="bbox 244 1907 1019 1979">
     <span class='ocr_line' id='line_1_19' title="bbox 244 1907 1019 1979; baseline 0.003 -17"><span class='ocrx_word' id='word_1_105' title='bbox 244 1908 391 1978; x_wconf 77' lang='lat' dir='ltr'><strong>[GRAECI</strong></span> <span class='ocrx_word' id='word_1_106' title='bbox 409 1907 595 1965; x_wconf 83' lang='lat' dir='ltr'><strong>TROIANOS</strong></span> <span class='ocrx_word' id='word_1_107' title='bbox 613 1908 663 1962; x_wconf 80' lang='lat' dir='ltr'>Ab</span> <span class='ocrx_word' id='word_1_108' title='bbox 681 1907 828 1963; x_wconf 83' lang='lat' dir='ltr'>BELLUM</span> <span class='ocrx_word' id='word_1_109' title='bbox 846 1909 1019 1979; x_wconf 71' lang='lat' dir='ltr'>Vedium]</span> 
     </span>
    </p>
   </div>
   <div class='ocr_carea' id='block_1_4' title="bbox 145 2047 1119 3052">
    <p class='ocr_par' dir='ltr' id='par_1_12' title="bbox 145 2047 1119 3052">
     <span class='ocr_line' id='line_1_20' title="bbox 145 2047 926 2124; baseline 0.001 -15"><span class='ocrx_word' id='word_1_110' title='bbox 145 2049 268 2109; x_wconf 91' lang='lat' dir='ltr'>Postera</span> <span class='ocrx_word' id='word_1_111' title='bbox 291 2047 341 2109; x_wconf 84' lang='lat' dir='ltr'>lux</span> <span class='ocrx_word' id='word_1_112' title='bbox 365 2048 456 2108; x_wconf 89' lang='lat' dir='ltr'>radiis</span> <span class='ocrx_word' id='word_1_113' title='bbox 479 2047 568 2108; x_wconf 85' lang='lat' dir='ltr'>latum</span> <span class='ocrx_word' id='word_1_114' title='bbox 591 2049 733 2124; x_wconf 78' lang='lat' dir='ltr'>patefecit</span> <span class='ocrx_word' id='word_1_115' title='bbox 754 2056 788 2107; x_wconf 91' lang='lat' dir='ltr'>ut</span> <span class='ocrx_word' id='word_1_116' title='bbox 810 2048 926 2122; x_wconf 87' lang='lat' dir='ltr'>orbem,</span> 
     </span>
     <span class='ocr_line' id='line_1_21' title="bbox 189 2130 1119 2210; baseline 0.001 -18"><span class='ocrx_word' id='word_1_117' title='bbox 189 2130 273 2192; x_wconf 86' lang='lat' dir='ltr'>Miles</span> <span class='ocrx_word' id='word_1_118' title='bbox 295 2132 326 2192; x_wconf 93' lang='lat' dir='ltr'>in</span> <span class='ocrx_word' id='word_1_119' title='bbox 349 2130 424 2191; x_wconf 91' lang='lat' dir='ltr'>urbe</span> <span class='ocrx_word' id='word_1_120' title='bbox 446 2139 555 2200; x_wconf 90' lang='lat' dir='ltr'>manet,</span> <span class='ocrx_word' id='word_1_121' title='bbox 580 2132 682 2193; x_wconf 92' lang='lat' dir='ltr'>limine</span> <span class='ocrx_word' id='word_1_122' title='bbox 704 2139 793 2210; x_wconf 85' lang='lat' dir='ltr'>porta</span> <span class='ocrx_word' id='word_1_123' title='bbox 815 2132 923 2193; x_wconf 90' lang='lat' dir='ltr'>studet.</span> <span class='ocrx_word' id='word_1_124' title='bbox 1064 2144 1119 2193; x_wconf 82' lang='lat'>620</span> 
     </span>
     <span class='ocr_line' id='line_1_22' title="bbox 146 2214 929 2294; baseline 0.001 -18"><span class='ocrx_word' id='word_1_125' title='bbox 146 2215 293 2276; x_wconf 89' lang='lat' dir='ltr'>Provocat</span> <span class='ocrx_word' id='word_1_126' title='bbox 315 2216 349 2275; x_wconf 92' lang='lat' dir='ltr'>ad</span> <span class='ocrx_word' id='word_1_127' title='bbox 374 2222 490 2293; x_wconf 90' lang='lat' dir='ltr'>portam</span> <span class='ocrx_word' id='word_1_128' title='bbox 513 2216 658 2294; x_wconf 70' lang='lat' dir='ltr'>Troianos</span> <span class='ocrx_word' id='word_1_129' title='bbox 681 2216 775 2276; x_wconf 89' lang='lat' dir='ltr'>hostis</span> <span class='ocrx_word' id='word_1_130' title='bbox 797 2214 929 2283; x_wconf 66' lang='lat' dir='ltr'>Atridam</span> 
     </span>
     <span class='ocr_line' id='line_1_23' title="bbox 188 2300 955 2379; baseline 0 -19"><span class='ocrx_word' id='word_1_131' title='bbox 188 2300 246 2370; x_wconf 78' lang='lat' dir='ltr'>Qut</span> <span class='ocrx_word' id='word_1_132' title='bbox 268 2301 343 2360; x_wconf 89' lang='lat' dir='ltr'>ioris</span> <span class='ocrx_word' id='word_1_133' title='bbox 364 2300 517 2367; x_wconf 83' lang='lat' dir='ltr'>insultant,</span> <span class='ocrx_word' id='word_1_134' title='bbox 541 2300 652 2378; x_wconf 90' lang='lat' dir='ltr'>probra</span> <span class='ocrx_word' id='word_1_135' title='bbox 676 2303 831 2379; x_wconf 87' lang='lat' dir='ltr'>minasque</span> <span class='ocrx_word' id='word_1_136' title='bbox 856 2301 955 2361; x_wconf 92' lang='lat' dir='ltr'>boant.</span> 
     </span>
     <span class='ocr_line' id='line_1_24' title="bbox 145 2383 835 2462; baseline -0.001 -18"><span class='ocrx_word' id='word_1_137' title='bbox 145 2383 327 2445; x_wconf 78' lang='lat' dir='ltr'>Alterutrum</span> <span class='ocrx_word' id='word_1_138' title='bbox 350 2385 473 2445; x_wconf 90' lang='lat' dir='ltr'>mittunt</span> <span class='ocrx_word' id='word_1_139' title='bbox 494 2387 614 2445; x_wconf 88' lang='lat' dir='ltr'>vitiosas</span> <span class='ocrx_word' id='word_1_140' title='bbox 637 2401 690 2444; x_wconf 89' lang='lat' dir='ltr'>ore</span> <span class='ocrx_word' id='word_1_141' title='bbox 713 2385 835 2462; x_wconf 83' lang='lat' dir='ltr'>sagittas</span> 
     </span>
     <span class='ocr_line' id='line_1_25' title="bbox 188 2466 894 2546; baseline 0.001 -18"><span class='ocrx_word' id='word_1_142' title='bbox 188 2468 221 2528; x_wconf 95' lang='lat' dir='ltr'>ln</span> <span class='ocrx_word' id='word_1_143' title='bbox 246 2469 415 2546; x_wconf 85' lang='lat' dir='ltr'>pharetram</span> <span class='ocrx_word' id='word_1_144' title='bbox 440 2468 540 2529; x_wconf 92' lang='lat' dir='ltr'>cordis</span> <span class='ocrx_word' id='word_1_145' title='bbox 562 2467 629 2529; x_wconf 85' lang='lat' dir='ltr'>vilis</span> <span class='ocrx_word' id='word_1_146' title='bbox 652 2466 689 2528; x_wconf 91' lang='lat' dir='ltr'>ab</span> <span class='ocrx_word' id='word_1_147' title='bbox 712 2469 778 2546; x_wconf 90' lang='lat' dir='ltr'>igue</span> <span class='ocrx_word' id='word_1_148' title='bbox 799 2468 894 2529; x_wconf 89' lang='lat' dir='ltr'>datas.</span> 
     </span>
     <span class='ocr_line' id='line_1_26' title="bbox 146 2552 1118 2633; baseline 0.001 -21"><span class='ocrx_word' id='word_1_149' title='bbox 146 2552 247 2629; x_wconf 84' lang='lat' dir='ltr'>Surgit</span> <span class='ocrx_word' id='word_1_150' title='bbox 270 2555 366 2612; x_wconf 90' lang='lat' dir='ltr'>ironia</span> <span class='ocrx_word' id='word_1_151' title='bbox 389 2553 541 2633; x_wconf 89' lang='lat' dir='ltr'>risumque</span> <span class='ocrx_word' id='word_1_152' title='bbox 565 2554 678 2613; x_wconf 89' lang='lat' dir='ltr'>colorat</span> <span class='ocrx_word' id='word_1_153' title='bbox 701 2569 845 2620; x_wconf 89' lang='lat' dir='ltr'>amarum,</span> <span class='ocrx_word' id='word_1_154' title='bbox 1011 2586 1014 2591; x_wconf 92' lang='lat'>·</span> <span class='ocrx_word' id='word_1_155' title='bbox 1064 2564 1118 2614; x_wconf 73' lang='lat'>625</span> 
     </span>
     <span class='ocr_line' id='line_1_27' title="bbox 190 2635 887 2715; baseline -0.001 -17"><span class='ocrx_word' id='word_1_156' title='bbox 190 2637 302 2713; x_wconf 82' lang='lat' dir='ltr'>Lingua</span> <span class='ocrx_word' id='word_1_157' title='bbox 325 2635 398 2715; x_wconf 85' lang='lat' dir='ltr'>jacit</span> <span class='ocrx_word' id='word_1_158' title='bbox 418 2636 547 2715; x_wconf 83' lang='lat' dir='ltr'>jaculum</span> <span class='ocrx_word' id='word_1_159' title='bbox 571 2635 676 2697; x_wconf 89' lang='lat' dir='ltr'>mellea</span> <span class='ocrx_word' id='word_1_160' title='bbox 699 2636 768 2696; x_wconf 89' lang='lat' dir='ltr'>ielle</span> <span class='ocrx_word' id='word_1_161' title='bbox 790 2635 887 2697; x_wconf 87' lang='lat' dir='ltr'>litum.</span> 
     </span>
     <span class='ocr_line' id='line_1_28' title="bbox 145 2719 930 2800; baseline 0 -20"><span class='ocrx_word' id='word_1_162' title='bbox 145 2720 333 2798; x_wconf 87' lang='lat' dir='ltr'>Ingeminant</span> <span class='ocrx_word' id='word_1_163' title='bbox 355 2719 471 2782; x_wconf 92' lang='lat' dir='ltr'>blaesos</span> <span class='ocrx_word' id='word_1_164' title='bbox 492 2737 564 2781; x_wconf 88' lang='lat' dir='ltr'>naso</span> <span class='ocrx_word' id='word_1_165' title='bbox 588 2721 736 2800; x_wconf 89' lang='lat' dir='ltr'>crispante</span> <span class='ocrx_word' id='word_1_166' title='bbox 760 2721 930 2792; x_wconf 84' lang='lat' dir='ltr'>cachinnos,</span> 
     </span>
     <span class='ocr_line' id='line_1_29' title="bbox 186 2801 974 2884; baseline -0.003 -19"><span class='ocrx_word' id='word_1_167' title='bbox 186 2805 303 2865; x_wconf 92' lang='lat' dir='ltr'>Probra</span> <span class='ocrx_word' id='word_1_168' title='bbox 327 2815 447 2875; x_wconf 89' lang='lat' dir='ltr'>canunt,</span> <span class='ocrx_word' id='word_1_169' title='bbox 471 2812 558 2884; x_wconf 89' lang='lat' dir='ltr'>turpe</span> <span class='ocrx_word' id='word_1_170' title='bbox 582 2805 676 2882; x_wconf 88' lang='lat' dir='ltr'>surgit</span> <span class='ocrx_word' id='word_1_171' title='bbox 698 2806 849 2884; x_wconf 88' lang='lat' dir='ltr'>utrimque</span> <span class='ocrx_word' id='word_1_172' title='bbox 873 2801 974 2864; x_wconf 90' lang='lat' dir='ltr'>melos.</span> 
     </span>
     <span class='ocr_line' id='line_1_30' title="bbox 145 2888 814 2950; baseline 0.001 -1"><span class='ocrx_word' id='word_1_173' title='bbox 145 2888 228 2950; x_wconf 89' lang='lat' dir='ltr'>inter</span> <span class='ocrx_word' id='word_1_174' title='bbox 252 2897 294 2950; x_wconf 91' lang='lat' dir='ltr'>tot</span> <span class='ocrx_word' id='word_1_175' title='bbox 317 2891 386 2949; x_wconf 88' lang='lat' dir='ltr'>vitia</span> <span class='ocrx_word' id='word_1_176' title='bbox 409 2889 496 2950; x_wconf 91' lang='lat' dir='ltr'>simul</span> <span class='ocrx_word' id='word_1_177' title='bbox 520 2898 548 2949; x_wconf 88' lang='lat' dir='ltr'>et</span> <span class='ocrx_word' id='word_1_178' title='bbox 570 2890 696 2950; x_wconf 90' lang='lat' dir='ltr'>convitia</span> <span class='ocrx_word' id='word_1_179' title='bbox 719 2888 814 2950; x_wconf 84' lang='lat' dir='ltr'>Troes</span> 
     </span>
     <span class='ocr_line' id='line_1_31' title="bbox 187 2973 1118 3052; baseline -0.002 -18"><span class='ocrx_word' id='word_1_180' title='bbox 187 2973 330 3035; x_wconf 82' lang='lat' dir='ltr'>Crebrius</span> <span class='ocrx_word' id='word_1_181' title='bbox 351 2975 383 3032; x_wconf 94' lang='lat' dir='ltr'>in</span> <span class='ocrx_word' id='word_1_182' title='bbox 404 2991 535 3052; x_wconf 87' lang='lat' dir='ltr'>pugnam</span> <span class='ocrx_word' id='word_1_183' title='bbox 558 2973 686 3035; x_wconf 87' lang='lat' dir='ltr'>buccina</span> <span class='ocrx_word' id='word_1_184' title='bbox 710 2973 822 3034; x_wconf 87' lang='lat' dir='ltr'>Graeca</span> <span class='ocrx_word' id='word_1_185' title='bbox 846 2979 939 3032; x_wconf 90' lang='lat' dir='ltr'>vocat.</span> <span class='ocrx_word' id='word_1_186' title='bbox 1063 2983 1118 3032; x_wconf 76' lang='lat'>630</span> 
     </span>
    </p>
   </div>
   <div class='ocr_carea' id='block_1_5' title="bbox 144 3237 1119 3440">
    <p class='ocr_par' dir='ltr' id='par_1_13' title="bbox 144 3237 1119 3440">
     <span class='ocr_line' id='line_1_32' title="bbox 213 3237 1119 3304; baseline -0.001 -11"><span class='ocrx_word' id='word_1_187' title='bbox 213 3243 270 3293; x_wconf 87' lang='grc'><strong>603.</strong></span> <span class='ocrx_word' id='word_1_188' title='bbox 289 3241 340 3293; x_wconf 86' lang='lat' dir='ltr'>Ov.</span> <span class='ocrx_word' id='word_1_189' title='bbox 360 3243 468 3292; x_wconf 82' lang='lat' dir='ltr'>Metam.</span> <span class='ocrx_word' id='word_1_190' title='bbox 489 3242 550 3304; x_wconf 83' lang='lat' dir='ltr'>VII,</span> <span class='ocrx_word' id='word_1_191' title='bbox 570 3244 627 3295; x_wconf 90' lang='grc'><strong>100.</strong></span> <span class='ocrx_word' id='word_1_192' title='bbox 706 3242 764 3292; x_wconf 85' lang='grc'>619.</span> <span class='ocrx_word' id='word_1_193' title='bbox 789 3247 819 3291; x_wconf 89' lang='lat' dir='ltr'>ut</span> <span class='ocrx_word' id='word_1_194' title='bbox 836 3240 893 3291; x_wconf 90' lang='lat' dir='ltr'>orb.</span> <span class='ocrx_word' id='word_1_195' title='bbox 912 3254 945 3290; x_wconf 88' lang='lat' dir='ltr'>ex</span> <span class='ocrx_word' id='word_1_196' title='bbox 964 3237 1066 3290; x_wconf 82' lang='lat' dir='ltr'>Ouidio</span> <span class='ocrx_word' id='word_1_197' title='bbox 1088 3247 1119 3292; x_wconf 84' lang='lat' dir='ltr'>et</span> 
     </span>
     <span class='ocr_line' id='line_1_33' title="bbox 144 3308 825 3375; baseline -0.001 -16"><span class='ocrx_word' id='word_1_198' title='bbox 144 3325 160 3359; x_wconf 86' lang='lat' dir='ltr'>e</span> <span class='ocrx_word' id='word_1_199' title='bbox 178 3326 262 3375; x_wconf 84' lang='lat' dir='ltr'>marg.</span> <span class='ocrx_word' id='word_1_200' title='bbox 283 3324 331 3374; x_wconf 85' lang='lat' dir='ltr'>pro</span> <span class='ocrx_word' id='word_1_201' title='bbox 350 3309 410 3364; x_wconf 82' lang='lat' dir='ltr'>eod.</span> <span class='ocrx_word' id='word_1_202' title='bbox 428 3311 458 3359; x_wconf 92' lang='lat' dir='ltr'>in</span> <span class='ocrx_word' id='word_1_203' title='bbox 476 3309 531 3360; x_wconf 91' lang='lat' dir='ltr'>orb.</span> <span class='ocrx_word' id='word_1_204' title='bbox 551 3310 601 3360; x_wconf 85' lang='lat' dir='ltr'>Or.</span> <span class='ocrx_word' id='word_1_205' title='bbox 619 3308 686 3359; x_wconf 85' lang='lat' dir='ltr'>Met.</span> <span class='ocrx_word' id='word_1_206' title='bbox 707 3308 755 3372; x_wconf 88' lang='lat' dir='ltr'>IX,</span> <span class='ocrx_word' id='word_1_207' title='bbox 776 3310 825 3358; x_wconf 76' lang='lat'>794</span> 
     </span>
     <span class='ocr_line' id='line_1_34' title="bbox 245 3375 945 3440; baseline -0.006 -13"><span class='ocrx_word' id='word_1_208' title='bbox 245 3378 361 3428; x_wconf 84' lang='lat' dir='ltr'>Postera</span> <span class='ocrx_word' id='word_1_209' title='bbox 380 3378 427 3427; x_wconf 78' lang='lat' dir='ltr'>lux</span> <span class='ocrx_word' id='word_1_210' title='bbox 445 3377 531 3427; x_wconf 85' lang='lat' dir='ltr'>radiis</span> <span class='ocrx_word' id='word_1_211' title='bbox 549 3376 635 3427; x_wconf 85' lang='lat' dir='ltr'>latum</span> <span class='ocrx_word' id='word_1_212' title='bbox 653 3376 826 3440; x_wconf 84' lang='lat' dir='ltr'>patefecerat</span> <span class='ocrx_word' id='word_1_213' title='bbox 844 3375 945 3425; x_wconf 85' lang='lat' dir='ltr'>orbem.</span> 
     </span>
    </p>
   </div>
   <div class='ocr_carea' id='block_1_6' title="bbox 137 3442 309 3496">
    <p class='ocr_par' dir='ltr' id='par_1_14' title="bbox 137 3442 309 3496">
     <span class='ocr_line' id='line_1_35' title="bbox 137 3442 309 3496; baseline 0.017 -5"><span class='ocrx_word' id='word_1_214' title='bbox 137 3444 200 3493; x_wconf 73' lang='lat'>626.</span> <span class='ocrx_word' id='word_1_215' title='bbox 218 3442 309 3496; x_wconf 82' lang='lat' dir='ltr'>liram.</span> 
     </span>
    </p>
   </div>
   <div class='ocr_carea' id='block_1_7' title="bbox 0 0 1194 3810">
    <p class='ocr_par' dir='ltr' id='par_1_15' title="bbox 0 0 1194 3810">
     <span class='ocr_line' id='line_1_36' title="bbox 0 0 1194 3810; baseline 0 1"><span class='ocrx_word' id='word_1_216' title='bbox 0 0 1194 3810; x_wconf 95' lang='lat' dir='ltr'> </span> 
     </span>
    </p>
   </div>
  </div>
 </body>
</html>
