2378 3810
145 92 210 156 204

74 282 76 291 ν
147 249 240 319 Quam
263 248 333 308 lacit
356 246 483 307 audaces
506 264 590 307 amor
611 247 642 305 in
666 263 716 306 sua
741 245 848 305 damna
870 248 1026 325 procaces!

189 333 284 405 Coras
306 331 460 391 mordaces
483 330 689 410 inhiabatque
712 330 801 390 iaces.

148 418 223 477 llum
247 417 324 477 male
347 423 428 492 grata
452 414 552 494 places
575 413 705 476 Helenae
728 423 876 493 nutusque
898 413 1038 490 loquaces

189 501 329 571 Quamvis
350 502 413 579 ipsa
436 501 518 560 iaces
539 497 613 559 llion
637 497 708 559 inde
727 497 823 577 jaces;
1062 507 1112 556 180

148 586 239 646 Ores
261 582 370 654 fatalis,
393 585 450 645 luit
471 581 609 643 omnibus
631 582 759 643 exitialis

188 668 312 730 Talibus
335 667 395 728 beu
418 668 483 728 talis
505 669 634 728 foemina
658 684 747 728 causa
770 668 862 728 malis.

147 755 242 831 Digna
265 756 366 833 perire
388 755 463 812 mari
486 753 594 831 potius,
618 751 803 831 flammisque
826 752 962 820 cremari,

162 887 164 890 ,
189 838 253 910 Qua
278 845 320 898 tot
343 839 454 915 privari
475 837 542 896 luce
564 837 698 915 ferisque
721 836 795 896 dari.

147 923 296 1000 Tempora
319 920 466 982 bellorum
490 939 544 981 rex
565 921 701 980 indicens
724 921 891 980 Danaorum
1061 928 1109 976 185

189 1010 311 1068 Aestuat
333 1005 489 1066 amborum
513 1003 674 1065 dissociare
696 1003 824 1064 thorum.

147 1090 251 1152 Partes
272 1089 379 1151 ultoris
401 1093 490 1157 iuvat,
514 1096 611 1167 auget,
635 1091 772 1168 l'amaque
794 1087 918 1168 pudoris

188 1175 314 1254 Raptam
338 1175 466 1251 raptoris
487 1184 590 1252 questa
611 1173 710 1252 jacere
733 1172 836 1233 thoris.

38 1284 41 1289 ·
148 1259 208 1319 Res
233 1277 266 1319 ea
288 1258 420 1319 Pelidem
444 1267 551 1326 movet,
575 1265 609 1317 ut
630 1258 792 1319 comitetur
813 1257 957 1332 Atridem,

190 1343 296 1404 decies
317 1345 347 1403 in
371 1342 508 1403 Paridem
531 1351 697 1402 commovet
719 1340 790 1401 illud
814 1341 904 1402 idem.
1061 1351 1110 1399 100

147 1428 257 1488 durant
279 1427 476 1506 Grajugenae,
498 1425 599 1503 jurant
620 1429 652 1486 in
675 1425 752 1486 bella
776 1425 920 1494 Miccnae,

189 1512 293 1572 Castra
316 1527 392 1588 quae
415 1519 484 1571 sunt
502 1510 619 1589 juvene,
643 1517 771 1589 suntque
793 1509 903 1571 referta
927 1527 1009 1570 sene.

148 1595 260 1656 Hector
283 1594 416 1665 consilio,
440 1602 513 1656 nutu
535 1595 669 1655 Tritonia
694 1594 755 1655 dio.

193 1679 309 1740 Pelides
332 1680 427 1758 gladio
450 1679 521 1741 dant
543 1678 676 1758 Phryges
700 1680 798 1741 exilio.

147 1764 333 1826 Praesidium
356 1763 447 1826 fidum
471 1766 554 1824 stetit
575 1765 659 1824 urbis
681 1766 712 1824 in
735 1764 873 1838 llectore,
897 1765 946 1842 qui
969 1764 1039 1823 dum
1062 1772 1110 1820 195

191 1847 302 1917 Stabat,
327 1848 529 1910 Dardanidum
552 1848 646 1909 robur
669 1859 733 1909 erat
757 1847 893 1909 validum.

148 1933 277 2012 Cuspide
300 1931 419 1994 Pelidae
442 1933 532 1994 simul
555 1933 632 1994 idem
656 1932 752 1994 defuit
773 1932 851 2001 ldae,

193 2016 348 2078 dedebant
371 2018 484 2096 trepide
508 2016 622 2096 proelia
645 2017 840 2078 llardanidae.

148 2101 229 2163 Urbs
251 2103 311 2162 ruit
333 2104 479 2178 Assaraci,
503 2118 590 2180 quam
613 2102 750 2162 liammae
773 2101 862 2162 tradit
885 2101 978 2169 edaci,

190 2185 264 2255 Vita,
288 2204 345 2252 res,
371 2206 389 2246 o
412 2184 527 2251 Thraci.
553 2186 651 2246 demta
674 2186 749 2247 dolis
771 2184 875 2246 ithaci.
1060 2194 1111 2242 200

148 2268 229 2339 Quae
252 2270 360 2331 cecidit
382 2278 482 2338 staret,
507 2272 562 2330 nisi
584 2269 729 2331 Thracem
752 2289 834 2331 mors
856 2276 1019 2348 superaret,

191 2352 332 2433 Quaeque
352 2354 454 2433 jacens
475 2363 560 2434 paret
582 2358 664 2432 regia
687 2358 765 2416 iussa
788 2356 881 2415 daret.

148 2438 224 2509 Quin
248 2457 297 2499 res
319 2439 405 2499 ldeae
428 2447 553 2518 pereant
575 2442 677 2518 nequit
700 2457 747 2500 ars
770 2440 933 2519 Cythereae

190 2522 251 2582 Nec
274 2523 379 2583 domus
401 2528 518 2585 Aeneae
542 2532 602 2584 tuta
627 2525 725 2584 lavore
748 2523 835 2596 Deae,

148 2607 209 2666 Nec
233 2607 331 2682 regale
355 2607 447 2668 decus
471 2610 496 2667 vi
519 2616 620 2687 posset
642 2610 781 2685 frangere
804 2608 935 2668 Graecus
1062 2615 1113 2663 205

190 2690 247 2750 Sed
271 2690 365 2761 deluo,
388 2699 475 2772 atque
498 2710 584 2754 secus
606 2695 724 2753 moenia
747 2692 854 2753 ductus
877 2709 982 2770 equus.

146 2775 281 2852 Dumque
304 2775 397 2836 Sinon
420 2785 486 2838 orat
509 2780 632 2846 veniam,
655 2777 726 2837 dum
750 2777 838 2837 verba
862 2776 985 2850 colorat,

191 2859 331 2929 Solvitur,
355 2859 498 2939 explorat,
522 2860 649 2922 claustra
672 2863 812 2937 loresquc
834 2861 929 2928 toran

147 2945 285 3022 Quosque
307 2945 379 3005 ioris
401 2953 487 3006 norat
509 2947 625 3024 recipit,
649 2945 815 3025 scelerique
837 2944 962 3011 laborat,

189 3028 264 3089 llum
287 3047 336 3089 res
359 3030 503 3109 explorat,
528 3033 645 3091 muenia
667 3031 785 3092 ilamma
809 3038 900 3090 vorat.
1061 3038 1112 3086 210

147 3112 285 3173 Postibus
308 3112 423 3193 ahiatiS,
446 3115 620 3176 custodibus
643 3122 673 3175 et
694 3114 847 3194 jugulatis,

190 3197 355 3259 Succubuit
377 3200 445 3259 latis
468 3198 541 3259 urbs
566 3200 732 3260 miseranda
756 3201 839 3260 satis.

148 3282 225 3342 Urbs
247 3282 412 3344 miseranda
438 3285 532 3353 nimis,
555 3286 616 3344 imo
639 3285 721 3345 dives
743 3283 834 3344 rebus
857 3284 965 3361 opimis

180 3364 308 3444 Inclyta,
334 3366 482 3438 sublimis
509 3387 565 3428 una
588 3371 620 3428 srt
643 3387 678 3428 ex
699 3369 839 3429 minimis.
1026 3374 1028 3379 ’
