2378 3810
152 133 214 198 130
464 135 526 186 Lib.
543 135 590 189 rv.
618 149 644 186 v.
662 135 806 187 sac-ass.

193 288 342 364 Perpetua
365 286 479 347 studuit
500 287 667 364 virginitate
690 286 758 346 lrni.

154 374 306 450 Europam
330 371 416 432 simul
440 379 470 430 et
491 372 588 431 Asiam
612 371 755 430 domuere
776 376 924 450 potenter,

197 457 346 518 Maximus
368 455 438 515 hinc
462 454 527 515 orhl
550 457 642 516 crevit
664 457 783 533 utrique
804 456 908 524 timor;

153 540 238 600 Unde
261 539 377 600 solebat
399 557 449 599 eas
472 557 488 598 e
511 538 589 600 hello
612 541 695 618 copia
718 538 856 617 praedae,

196 623 334 702 Captivos
357 622 492 702 populus,
517 622 609 701 gloria
633 639 737 699 magna
760 625 853 701 sequi,
1032 633 1035 641 ‘
1066 635 1122 684 880

151 708 326 770 Formidaut
349 725 450 784 regna,
475 709 586 786 premit
608 708 762 767 admiratio
785 707 943 770 mundum:

193 793 302 853 Totum
326 793 475 852 foeminea
498 791 632 851 mamhra
656 789 777 852 domare
800 791 906 856 solum.

44 939 53 949 ,
150 877 314 937 Aedificant
336 875 484 953 Ephesum
508 876 757 951 memorandaque
779 877 914 946 moenia;
937 877 1028 947 solae,

192 961 234 1021 lla
256 959 362 1039 quihus
384 959 512 1036 insignis.
531 961 609 1019 lama
632 959 758 1028 volabat,
781 969 876 1019 erant.
1125 1010 1128 1015 .

148 1046 267 1121 lstaque
290 1045 408 1105 duravit
429 1046 514 1103 anuis
537 1045 657 1104 victoria
681 1052 809 1112 centum,
1065 1054 1120 1104 865

191 1129 284 1190 Durat
306 1128 401 1189 adhuc
424 1127 501 1207 quod
524 1127 614 1188 habet
636 1125 714 1188 nulla
738 1128 821 1188 virile
842 1127 958 1207 jugum,

149 1212 411 1292 Amphytriouides
433 1212 503 1272 licet
524 1212 737 1272 invictissimus
761 1218 847 1281 esset,
940 1247 942 1250 <

191 1297 311 1358 Viribus
331 1297 467 1376 inpetere
490 1312 549 1356 non
573 1304 637 1357 erat
659 1314 749 1356 ausus
771 1313 830 1357 eas.

149 1381 312 1442 Calliditate
335 1380 427 1458 magis
450 1387 495 1440 est
516 1396 597 1448 usus,
621 1379 731 1440 robore
752 1381 849 1459 plenis

192 1465 303 1525 Dicitur
325 1463 372 1523 his
394 1462 509 1524 ratibus
531 1464 708 1543 applicuisse
730 1483 845 1525 novem.
1064 1472 1121 1525 870

149 1549 277 1610 Narrant
298 1551 447 1626 Antiopen
468 1537 540 1609 tu'nc
562 1547 774 1627 Orithyamque
797 1548 890 1609 luisse

192 1633 288 1712 Supra
311 1633 388 1693 sicut
409 1631 511 1702 habes,
534 1632 700 1693 inditione
721 1650 822 1712 pares.

150 1718 194 1777 Ex
216 1719 370 1796 inopinato
393 1719 468 1796 petit
488 1714 543 1777 has
564 1715 733 1778 Alcmanica
756 1717 867 1796 proles,

193 1801 304 1871 Caedit,
326 1802 491 1881 prosternit
513 1818 568 1860 nec
592 1803 658 1861 sine
681 1809 781 1879 strage
803 1803 892 1880 capit.

148 1887 211 1947 Hoc
234 1884 313 1947 hallo
336 1888 458 1965 capiunt
479 1883 678 1964 Menalippes,
702 1883 919 1965 Hypolltenquc
1067 1894 1122 1944 875

191 1970 392 2049 Orithyaaque
415 1971 471 2030 luit
494 1978 620 2048 utraque
642 1971 726 2046 virgo
749 1987 851 2038 soror;
970 1998 982 2009 =

150 2057 187 2115 ht
209 2053 375 2131 Menalippa
397 2053 476 2113 redit
498 2051 643 2113 violenter
666 2052 703 2113 ah
725 2052 854 2113 Hercula
876 2058 970 2130 capta,

196 2137 271 2197 Huic
292 2143 391 2196 tamen
414 2155 504 2206 arma,
528 2136 636 2215 quibus
659 2136 732 2197 haec
754 2145 818 2198 erat
840 2154 901 2205 usa,
924 2145 1055 2197 manent.

151 2221 285 2282 Theseus
307 2220 463 2300 Hypoliteu
486 2220 543 2280 sihi
566 2221 695 2301 copulat,
718 2220 949 2301 Hypolitumqua

195 2306 347 2375 Procrcat,
371 2304 439 2365 huic
460 2302 596 2384 jugulum
619 2322 706 2365 saeva
729 2322 856 2366 noverca
877 2312 971 2383 parat.
1066 2314 1124 2364 880

150 2391 219 2452 Non
242 2406 326 2450 meus
348 2389 421 2450 haec
443 2406 542 2450 sermo
564 2396 697 2458 testatur,
722 2388 858 2456 orosium
880 2390 936 2448 ista

194 2473 283 2552 Cujus
304 2473 415 2534 hahent
436 2472 553 2551 plenam
576 2472 694 2550 singula
717 2473 805 2534 verha
827 2473 926 2533 fidem.

150 2559 223 2619 Post
244 2558 322 2618 hanc
345 2557 510 2636 orithyam,
533 2558 569 2618 de
593 2576 648 2636 qua
672 2557 760 2617 modo
783 2559 893 2618 mentio
915 2558 1019 2633 surgit.

194 2643 290 2703 lutrat
311 2642 440 2721 regalem
463 2641 650 2702 Penthesilea
672 2641 825 2702 thronum.

216 2915 275 2964 868.
315 2915 344 2962 ln
373 2915 498 2979 margine
528 2913 640 2976 ubique.
768 2911 826 2961 868.
861 2908 928 2960 (lod.
958 2909 1120 2967 femineam.

151 2983 208 3035 art.
228 2979 295 3031 Cod.
314 2979 464 3030 Oriohiam.
536 2981 594 3030 875.
612 2978 792 3044 Menalippes
809 2993 844 3028 ex
863 2977 961 3028 Orosio
973 2977 1120 3042 posuimus

151 3063 199 3114 pro
218 3047 277 3098 cod.
297 3047 480 3111 Menalippes.
549 3048 607 3100 877.
632 3046 699 3099 Cod.
717 3045 890 3110 Menalappa,
910 3043 945 3095 ob
966 3043 1120 3108 paritatem

148 3131 175 3167 v.
193 3116 244 3165 874
266 3116 406 3180 posuimus
424 3113 592 3179 Menalippa.
697 3115 755 3165 881.
788 3110 902 3162 Orosius
925 3110 1066 3173 histor.1,
1086 3115 1121 3163 15

150 3183 244 3232 eadem
267 3181 300 3231 de
316 3181 503 3232 Amazonibus
530 3196 599 3246 quae
623 3185 718 3231 noster
740 3180 870 3245 praehet,
899 3193 988 3244 paena
1015 3178 1120 3230 iisdem

147 3250 236 3301 verbis
254 3253 359 3300 narrat.
