2378 3810
428 140 490 190 mu
508 143 539 191 v.
569 157 595 192 v.
614 143 756 193 aro-aaa.
834 141 835 144 ’
1016 140 1077 204 143
1127 166 1132 175 =

157 293 229 353 Post
251 300 377 353 mortem
399 290 460 353 sola
484 293 560 352 lama
583 302 735 371 superstes
757 295 825 353 erit.

112 376 229 436 Interea
251 385 351 437 tamen
373 377 403 436 in
427 377 526 436 hostes
549 394 603 436 nos
625 377 736 453 grande
758 379 872 438 lucenti
951 409 956 414 -

155 460 239 538 Cogit
262 459 379 521 vibrare
401 460 530 520 dedecus
553 478 634 520 arma
657 478 757 525 manu.

112 543 235 605 Dixerat
256 555 285 605 et
307 545 414 622 sepelit
436 544 581 621 singultus
603 543 691 605 verba
714 543 872 623 loquentis,
1026 555 1075 603 345

155 628 281 689 Humida
304 627 476 688 reddiderat
497 627 618 688 lacrima
642 627 741 699 busta,
749 630 850 707 patris.

112 712 243 772 Tandem
266 721 334 790 post
355 712 441 788 longa
464 715 590 790 suspiria
614 711 698 772 miles
720 711 826 773 ocellis

156 795 311 874 Purpureo
336 800 440 856 transit
464 815 609 876 gausape:
633 806 729 857 castra
753 797 844 858 subit.

137 1009 402 1078 [ennrnasmna
421 1009 542 1065 Annos
560 1010 611 1062 An
629 1008 816 1064 Pnoamuu
834 1009 1052 1080 ruovoram]

112 1146 218 1208 Ultima
243 1148 291 1207 lux
315 1146 428 1225 gelidas
450 1146 534 1208 coelo
557 1147 721 1209 dimoverat
743 1148 871 1218 umbras,

153 1229 263 1291 Pallida
284 1231 343 1308 jam
367 1230 489 1292 turbant
510 1232 609 1293 sidera
631 1231 702 1292 solis
725 1233 809 1309 equi;
1024 1242 1076 1292 353

111 1314 213 1376 Evolat
236 1314 375 1376 audacter
397 1318 483 1392 quasi
504 1317 598 1378 virtus
620 1316 722 1376 Martis
743 1323 775 1376 et
794 1320 889 1395 Argos
1064 1312 1068 1322 ‘

154 1400 301 1459 Provocat
322 1402 448 1461 assuetis
469 1399 657 1461 Penthesilea
678 1400 783 1460 modis.

111 1483 203 1561 Cujus
225 1484 401 1550 Amazonion,
420 1487 554 1561 sequitur
577 1485 698 1562 vestigia
720 1493 819 1545 turma

154 1567 226 1629 Cum
250 1567 369 1628 domina
393 1567 463 1629 belli
487 1569 618 1648 pondera
642 1585 735 1648 prona
758 1571 829 1647 pati.

112 1652 246 1711 Gaudent
268 1652 413 1712 foeminea
436 1653 546 1714 lunatis
569 1654 688 1730 agmina
710 1651 807 1732 peltis,
1024 1661 1074 1710 355

153 1734 187 1794 13
210 1753 300 1795 cursu
322 1734 411 1796 validi
434 1735 607 1797 delitiautur
629 1737 714 1814 equi;

112 1819 247 1879 Gaudent
271 1827 426 1896 praeterea
448 1819 528 1880 clava
551 1837 684 1900 pugnare
708 1819 828 1889 trinodi,

153 1902 217 1963 Non
240 1904 370 1979 gaudent
392 1905 525 1982 turpise
549 1903 698 1964 maculare
720 1903 799 1980 luga.

110 1987 191 2046 llere
215 1984 396 2048 locustarum
419 1987 518 2048 rideas
541 2006 699 2066 erumpere
720 1987 822 2057 Troes,

152 2070 189 2130 Et
210 2073 294 2151 quasi
317 2071 502 2146 dormierint,
527 2072 671 2134 hactenus
693 2090 758 2132 esse
780 2070 868 2132 lever.
1023 2081 1074 2129 360

109 2152 272 2214 lnclamant
293 2155 424 2226 danaos:
448 2157 518 2235 quid
542 2155 619 2218 bella
643 2158 758 2234 negatis
779 2157 900 2226 inerter,

153 2239 271 2300 Vestras
294 2243 404 2301 intrate
427 2242 603 2320 repariando
625 2242 717 2302 rates!

111 2321 168 2380 Sed
191 2325 276 2401 prius
298 2327 328 2384 in
351 2334 448 2384 vestra
472 2323 637 2384 scribemus
658 2324 763 2384 dorsa:
788 2322 894 2382 valete!

155 2406 296 2467 'Pelorum
318 2409 390 2484 liget
412 2407 511 2467 mollia
534 2406 608 2467 colla
630 2407 725 2467 stilus.

113 2493 170 2550 Aut
192 2490 358 2550 dormitatis
381 2500 432 2550 aut
453 2489 565 2560 luditis,
588 2499 639 2552 aut
662 2491 750 2549 nimis
773 2490 843 2549 estis
1023 2499 1074 2548 365

150 2575 251 2634 Attriti
273 2571 368 2640 bellis,
392 2570 436 2633 sic
459 2576 529 2652 quia
553 2575 639 2634 dorsa
662 2573 757 2634 datis?

112 2659 153 2715 Ac
177 2674 281 2715 manus
303 2657 417 2717 interea
440 2661 545 2718 castris
567 2657 694 2736 Trojana
717 2660 906 2736 propinquat,

152 2739 185 2798 ln
208 2757 345 2819 campum
369 2740 484 2803 Danaos
505 2741 623 2820 garrula
646 2760 718 2802 vnce
740 2751 834 2802 vocet.

178 3011 236 3060 342.
265 3008 316 3058 cfr.
335 3008 388 3060 133.
408 3008 534 3060 Gualteri
553 3009 587 3060 ad
604 3011 663 3061 335.
680 3013 721 3061 36.
739 3014 927 3059 memoratum.
1012 3009 1072 3059 346.

110 3075 175 3127 Cod.
189 3075 375 3127 reddiderant.
405 3079 464 3128 343.
483 3076 568 3131 schol,
581 3093 659 3142 geue.
675 3077 857 3141 manutergio.
893 3076 952 3127 ate.
964 3091 1071 3140 mergo:

110 3149 262 3194 Amazones
281 3143 410 3194 ferebant
422 3145 514 3209 peltata
530 3145 559 3193 in
578 3143 685 3194 modum
705 3143 789 3194 13333
808 3147 946 3195 curvatas.
1013 3145 1072 3199 336,

108 3209 186 3326 ffilit.
206 3210 288 3262 33331.
303 3212 418 3277 margin.
433 3210 615 3262 delectantur.
667 3214 725 3263 357.
744 3210 804 3262 eod.
819 3210 936 3261 trinoda.
949 3208 1072 3261 Gnalter.

143 3290 182 3327 ex.
201 3279 234 3339 V,
251 3279 294 3332 46,

210 3344 332 3395 Puderet
349 3360 415 3410 ergo
434 3345 507 3396 virae
527 3345 669 3399 clavator
687 3347 808 3412 quinque
827 3343 937 3395 trinodi.

108 3411 166 3460 360.
187 3411 246 3461 cod.
264 3411 406 3462 haetenus.
