2378 3810
130 156 170 219 95
438 157 501 211 00,
521 157 573 210 111.
607 173 633 207 v.
653 158 796 210 rao-reo.
904 126 907 134 ’

65 311 73 316 ”
172 311 290 371 Eminet
311 309 422 371 1001010
445 308 562 387 prodita
585 309 702 369 flamma
725 328 788 370 suo.
1050 321 1101 370 730

129 393 240 456 Pallida
262 394 406 454 iurtivum
427 394 519 453 facies
541 394 714 454 manifestat
738 411 880 460 amorem,

173 479 247 548 Ouid
273 479 383 548 deceat,
408 477 478 557 quid
501 495 571 546 non,
595 496 654 538 non
677 477 757 538 videt
779 478 856 538 ullus
879 496 972 540 amor.

130 564 195 625 Otia
219 564 328 624 sartari
351 565 458 640 eoepit,
482 580 537 622 nec
561 571 648 641 turpe
671 565 785 641 putavit

152 645 328 709 'Palliolum
351 647 452 707 nitidis
474 647 650 725 imposuisse
674 648 775 708 comis.

130 732 276 794 Pallorem
299 732 399 800 traxit,
423 732 472 791 bio
496 739 541 791 est
564 730 644 790 oolor
667 739 752 810 aptus
776 732 894 802 amanti,
1050 742 1100 791 735

173 816 283 878 Palleat
306 817 401 876 omnis
425 831 537 892 amans,
561 817 633 874 civis
656 817 764 876 amoris
788 819 837 887 ait.

130 898 232 970 Pallet,
258 900 390 979 quisquis
414 905 500 968 amat,
525 917 627 959 verum
651 919 719 961 enm
745 899 863 980 palleat,
886 918 973 961 usum

172 985 299 1047 Palloris
321 986 443 1045 minime
466 982 576 1061 palliat,
600 986 692 1044 immo
715 986 803 1062 palat.

176 1215 353 1272 ACHILLES
371 1214 499 1269 ΜΙΤΤΙΤ
518 1214 692 1268 NUNTIUM
709 1215 761 1268 AD
780 1216 959 1272 HECUBAM
976 1217 1048 1272 PRO

401 1298 578 1353 CONIUGIO
596 1298 827 1361 POLYXENAE.

130 1441 194 1501 Nox
217 1447 282 1499 erat
304 1456 362 1498 una
386 1440 450 1497 viro
474 1455 613 1497 curarum
631 1441 765 1515 maxima
787 1441 896 1510 nutrix,

174 1524 238 1594 Quo
261 1541 325 1582 rem
348 1523 484 1592 divertat,
508 1523 618 1598 cogitat
641 1523 762 1602 etquid
787 1532 864 1601 agat.
1050 1533 1101 1582 740

131 1611 209 1670 Η100
232 1608 348 1668 auidam
372 1624 477 1685 puero,
501 1623 586 1666 meus
609 1607 644 1666 ad
668 1605 742 1677 loca,
766 1627 841 1686 qnae
864 1608 920 1669 tibi
943 1607 1018 1679 dico,

172 1692 297 1753 Nuntius
320 1699 392 1760 esto,
417 1692 521 1752 reiert.
569 1689 667 1770 Phryx
690 1700 753 1752 erat
776 1692 826 1753 ille
849 1711 932 1772 puer.

129 1777 205 1838 lliou
228 1776 405 1854 ingrediare,
431 1776 487 1844 die,
511 1774 645 1842 Hecuba!
668 1784 799 1836 moestus
821 1775 952 1838 Achilles

173 1863 210 1921 Se
233 1861 331 1921 100011
353 1859 488 1938 genibus,
514 1877 531 1918 0
554 1862 713 1936 generosa!
737 1863 804 1922 tuis.

130 1946 212 2007 Illius
234 1953 364 2006 mentem
387 1946 516 2004 formosa
539 1943 687 2022 Polyxena
711 1953 838 2024 torquet,
1049 1955 1099 2004 745

173 2030 256 2089 Hane
279 2029 337 2088 sibi
360 2027 500 2107 conjugio
523 2027 670 2107 supplicat
690 2028 741 2089 ille
764 2031 837 2090 dari.

131 2112 212 2184 Quae
235 2113 259 2171 si
281 2113 449 2187 contigitnr,
473 2114 641 2189 praesentia
665 2115 777 2190 proelia
800 2121 900 2192 ponat,

176 2196 308 2274 Cumque
333 2215 387 2256 suo
409 2194 520 2274 populo
544 2198 664 2275 propria
686 2206 763 2258 tecta
785 2206 877 2277 petet.

130 2280 272 2359 Exemplo
295 2278 347 2341 tali
368 2279 474 2357 reliqui
497 2278 652 2341 discedere
674 2281 804 2343 discent:

173 2366 276 2427 Finem
300 2366 342 2425 sie
366 2366 461 2424 omnis
485 2364 647 2426 obsidionis
670 2375 768 2444 agent.
1049 2376 1119 2426 150

131 2450 240 2510 Servus
263 2458 293 2508 01
318 2448 452 2509 ediderat
474 2452 647 2518 commissa;
671 2458 832 2519 revertere,
857 2450 930 2512 dicit

173 2533 304 2604 Hecuba,
329 2552 395 2594 cum
419 2533 538 2593 Priamo
560 2543 627 2596 vota
648 2534 764 2595 librabo
788 2554 851 2600 sua.

131 2618 162 2678 Si
185 2618 296 2678 Priami
319 2634 481 2677 consensus
504 2616 597 2687 adest,
622 2623 794 2691 consenti0;
818 2620 958 2699 quioquid

175 2701 287 2762 Dixerit
309 2700 358 2761 ille
381 2701 464 2770 mihi,
488 2703 653 2778 significato
676 2703 739 2764 tibi.

131 2786 241 2847 Servus
264 2783 414 2846 anhelanti
436 2803 581 2864 responsa
604 2797 737 2868 reportat
761 2787 876 2856 Achilli,
1049 2796 1099 2846 711

171 2871 289 2931 lnousal
312 2877 422 2930 tantam
446 2870 591 2948 pendulus
613 2871 663 2932 ille
686 2891 809 2953 moram.

197 3108 254 3157 730.
275 3105 354 3157 ovid.
375 3104 442 3155 Her.
462 3104 516 3154 ΧΠ
547 3107 588 3161 38.
666 3109 723 3162 131,
742 3107 794 3157 Est
811 3106 947 3174 Pamphil.
965 3106 1052 3169 XLII,
1073 3110 1099 3161 ’1.

129 3176 186 3225 132.
206 3172 285 3223 0710.
305 3174 371 3223 Her.
386 3172 432 3235 IV,
453 3142 596 3238 154.⁵quid
615 3175 727 3234 deceat,
747 3191 802 3226 non
819 3177 895 3226 videt
907 3175 979 3225 ullus
993 3190 1100 3225 amans.

129 3244 187 3293 733.
207 3243 248 3291 34.
268 3240 347 3291 Ovid.
367 3255 411 3290 ars
431 3258 482 3294 am.
501 3241 523 3302 1,
543 3244 599 3292 734.
620 3246 661 3293 35.
737 3245 793 3294 735.
813 3244 853 3298 36.
872 3245 922 3296 Or.
934 3256 987 3292 ‚nra
1007 3258 1058 3297 am.
1078 3244 1100 3294 Ι.

129 3311 187 3360 tte.
266 3309 323 3359 736.
342 3306 410 3358 civis
428 3324 476 3374 pro
496 3308 556 3362 cod.
577 3309 673 3374 ciphis,
743 3312 802 3362 739.
822 3310 873 3363 07.
891 3311 1002 3361 Metam.
1021 3311 1099 3371 VIII,

128 3377 170 3426 81.
190 3378 222 3427 82
257 3402 291 3413 -
309 3402 340 3411 -
360 3402 393 3410 —
413 3391 541 3427 curarum
558 3378 677 3428 maximo
695 3380 788 3428 nutrix

277 3444 340 3495 Nox
358 3444 519 3498 intervenit.
