2378 3810
107 156 168 221 148
236 166 246 191 ·“
424 157 485 213 Lib.
504 157 536 208 V.
569 173 594 212 v.
612 157 757 213 tet—526,

148 312 208 382 Est,
231 319 316 372 sueto
339 309 483 371 modicam
508 328 591 370 more
615 309 731 371 movete
753 326 885 371 manum.

106 398 198 466 State,
220 395 324 464 redite,
348 394 473 474 gradum
497 398 670 465 convertite,
694 401 778 465 state,
802 401 904 456 cavete

149 479 320 542 Ridiculum
344 479 449 541 lamae.
495 479 625 540 Pessima
648 481 726 539 lama
749 480 848 557 fugae.

107 566 168 627 Nec
190 583 273 626 mora
298 566 344 633 sit,
368 566 428 625 cito
451 562 602 643 dispersas
625 563 747 625 densete
769 572 912 633 catervas,

147 651 186 711 Et
208 651 292 727 quasi
314 666 388 726 grex
411 666 487 709 onus
508 649 610 709 Martis
632 650 725 727 agatis
748 665 832 726 opus.

106 736 187 796 Dixit
209 743 239 795 ct
261 734 401 795 adversos
424 733 516 795 telum
539 736 684 794 contorsit
707 736 738 794 in
761 733 863 794 hostes
971 795 974 799 .

149 819 348 895 Restitultque
371 835 425 878 suo
447 817 563 896 perdita
587 817 676 878 corda
699 816 775 878 loco.

106 904 148 965 De
171 903 283 964 timidis
305 902 410 963 tumidi
433 902 506 963 fiunt
528 901 696 964 hortamine
717 903 833 981 Pyrrhi,

150 989 192 1048 De
214 987 327 1063 pavidis
350 986 435 1048 avida
458 992 578 1066 pectora
603 987 711 1048 dantur
734 989 786 1052 ita.

108 1071 165 1144 Qui
178 1075 308 1134 merant
330 1070 436 1140 timidi,
460 1072 595 1146 redeunt,
620 1079 649 1132 et
671 1071 761 1132 corde
783 1073 911 1132 tumenti

151 1157 267 1237 Quique
290 1163 407 1234 pavent,
431 1155 547 1234 gladius
570 1165 601 1216 ut
624 1163 788 1235 repetatur,
812 1164 906 1217 avent.
985 1166 991 1173 ·

84 1237 268 1303 'conflictus
290 1248 449 1302 renovatur
472 1244 554 1311 item,
577 1241 609 1300 fit
630 1256 729 1319 pugna
752 1248 878 1321 repente

150 1326 285 1394 Maxima,
310 1324 465 1404 consurgit
487 1325 587 1385 lancea
611 1334 710 1403 strage
733 1344 817 1386 nova.

108 1409 240 1490 Pyrrhus
262 1408 306 1469 ibi
327 1409 467 1470 devectus
490 1418 519 1469 et
542 1409 590 1469 nic
612 1409 759 1470 hortando
781 1425 917 1470 reversos

153 1494 323 1556 Consolidat
346 1511 465 1563 cuneos,
489 1496 610 1554 nomine
633 1510 781 1571 quemque
802 1512 921 1555 vocans.

108 1577 408 1656 lrreprehcnsihilem
431 1596 463 1640 se
486 1576 571 1640 miles
594 1577 629 1639 ad
652 1582 750 1640 omnia
772 1578 873 1640 reddit

152 1663 190 1723 Se
213 1663 269 1724 sub
293 1663 415 1724 militiae
438 1663 512 1723 tiore
535 1663 676 1724 decenter
698 1662 822 1725 habens.

110 1749 148 1810 Se
170 1746 314 1828 Phrygias
335 1746 405 1826 jacit
428 1748 458 1808 in
481 1750 560 1808 acies
584 1754 614 1807 ct
635 1750 780 1825 sanguine
802 1748 914 1816 brecat,

152 1832 214 1894 Nec
237 1850 343 1894 manus
364 1831 482 1893 illiusa
505 1831 639 1892 lericndo
662 1841 754 1893 vacat.

108 1918 142 1977 ln
165 1917 291 1979 Teucris
313 1917 441 1978 rubeum
464 1915 610 1978 violenter
632 1914 750 1977 balneat
773 1936 885 1986 ensem,

152 2002 264 2064 Balnea
287 2002 324 2062 de
346 2003 441 2081 stygio
464 2001 511 2060 dic
534 2019 567 2061 ea
590 2001 648 2062 leta
670 1999 744 2062 lacu.

108 2086 216 2147 Hostes
237 2091 434 2147 commactant
456 2086 569 2162 pariter
590 2103 632 2155 se,
655 2103 712 2146 nec
735 2104 823 2147 cruor
846 2103 914 2146 arva

153 2169 249 2231 lnficit
270 2169 386 2230 inlusus
408 2167 494 2248 plena
518 2187 625 2229 cruore
647 2172 743 2249 prius,

113 2254 176 2315 Nec
198 2271 321 2334 campus
342 2253 438 2315 rubeo
461 2253 593 2314 rubescit
614 2257 767 2332 sanguine,
792 2256 913 2333 sanguis
1027 2265 1083 2315 olo

152 2339 312 2418 Sanguinis
334 2357 350 2399 a
373 2340 436 2398 rivo
458 2346 516 2399 stat
537 2341 654 2417 potiore
675 2339 759 2401 vado.

111 2422 246 2492 Quantus
268 2424 350 2504 equis
373 2430 561 2503 quantusque
583 2426 656 2484 viris
678 2424 715 2485 de
738 2423 860 2503 pulvere
883 2440 985 2484 crasso

153 2508 251 2569 Sudor
274 2515 345 2578 erat,
369 2526 466 2576 nemo,
490 2509 541 2587 qui
562 2511 690 2570 reticere
712 2516 810 2588 queat.

109 2591 243 2653 Pulveris
266 2609 407 2654 ascensus
429 2593 572 2672 sepelitur
595 2595 750 2675 sanguinis
771 2593 876 2664 imbre,

151 2677 185 2737 ln
207 2675 319 2738 rubeos
341 2675 446 2737 latices
468 2677 592 2738 vertitur
613 2677 707 2738 herba
731 2680 840 2740 virens
1029 2687 1087 2739 520

110 2762 236 2822 Pulvere
259 2779 319 2821 non
343 2761 468 2830 fluitant,
493 2762 686 2824 mucronibus
710 2781 776 2825 arva
800 2769 968 2824 coruscant.

151 2845 236 2906 Unde
258 2846 290 2906 fit
312 2854 346 2905 ut
367 2845 458 2907 multa
482 2845 574 2907 millia
598 2854 689 2908 strata
714 2848 829 2909 cadant.

109 2931 166 2991 Tot
188 2938 300 2992 mortes
323 2937 460 3007 poterant
482 2932 591 3011 stygias
612 2931 751 3012 implesse
774 2930 905 3012 paludes,

152 3016 289 3085 Maxima,
313 3015 371 3078 dux
394 3015 540 3077 Erebum!
563 3018 595 3076 ni
617 3025 668 3076 tna
690 3034 784 3095 regna
807 3016 915 3077 lorent.

109 3098 163 3160 Vix
188 3098 242 3160 luit
264 3100 323 3161 hoc
345 3117 469 3161 numero
493 3100 687 3177 distinguere,
711 3104 778 3183 quis
800 3101 847 3162 vel
862 3102 895 3160 in
911 3103 1007 3162 istum
1030 3112 1087 3163 525

151 3186 210 3245 Aut
231 3185 312 3246 hunc
334 3204 390 3264 pro
413 3186 528 3246 meritis
551 3185 659 3248 debeat
681 3189 726 3248 ire
748 3186 858 3256 lacum,

175 3321 234 3371 nor.
254 3290 321 3371 coa.
339 3319 446 3373 tumidi.
498 3320 556 3371 soe.
576 3319 641 3372 coa.
660 3322 765 3373 oraret.
817 3321 877 3376 ore.
897 3319 963 3370 coo.
984 3320 1088 3375 nuces

107 3387 203 3505 pppltces
215 3403 238 3439 c.
249 3403 302 3454 ps
338 3387 597 3500 524.Schol.Plnto.
643 3388 886 3443 525.God.ietam.
934 3388 1083 3450 biecod,
