2378 3810
512 112 664 166 Praelatio.

150 265 188 326 Et
210 264 296 333 bene,
319 266 344 324 sl
367 263 496 333 memini,
520 263 563 324 ias
586 272 631 324 est
653 262 690 324 ab
713 263 799 324 hoste
822 263 921 324 doceri

193 349 400 428 virtutumque
423 348 533 410 Salban
555 347 683 410 fabricat
704 366 786 410 arma
809 347 871 409 tibi.

152 433 212 494 Nos
234 433 270 494 ad
292 441 460 513 serpentes,
483 433 626 493 formicas
648 431 848 518 bestiolasque

193 517 230 577 Et
251 535 335 578 sacra
358 524 501 597 pennatas
522 519 628 596 pagina
652 518 743 579 mittit
764 535 843 586 oves,

150 602 189 662 Et
211 601 285 662 mibi
308 600 364 663 Job
386 600 528 680 loquitur,
553 604 621 679 quia
644 621 693 663 me
713 601 846 681 jumenta
869 599 1028 671 docebunt,

193 685 229 745 m
252 684 324 745 nibil
347 694 392 746 est
414 685 492 762 quod
516 703 576 746 non
597 686 691 765 prosit
714 693 743 747 31
766 684 844 746 obsit
864 684 954 746 idem.

151 768 206 831 Hic
229 765 315 830 sonat
336 770 455 838 invidia,
478 767 563 838 livor,
588 770 773 849 truculentia,
797 770 899 846 1331111,

194 853 334 923 Ambitio,
357 871 477 920 rancor.
501 856 558 930 ira,
580 853 681 922 libido,
705 852 799 915 dolus.

152 937 339 999 Postremum
363 955 434 999 vero
455 937 563 1016 Trojae
584 939 755 1000 miseranda
777 939 863 998 ruina

195 1020 386 1083 lnlormatira
409 1021 526 1100 singula
549 1041 621 1083 voce
644 1031 743 1084 sonat:

152 1104 191 1168 Ut
213 1107 309 1168 malus
330 1105 464 1175 obsistat,
485 1105 644 1185 justusque
666 1109 795 1176 resistat,
819 1105 934 1174 habeto,

195 1189 253 1251 Sed
275 1191 343 1270 quia
366 1191 539 1251 clauserunt
559 1190 634 1251 baec
657 1187 733 1251 mala
756 1191 821 1250 sine
843 1188 934 1252 malo.

153 1273 238 1345 Quod
260 1275 360 1336 brevis
383 1281 428 1334 est
449 1275 537 1354 risus,
560 1274 639 1354 quod
662 1273 808 1354 longaque
830 1274 954 1336 lacrima
970 1275 1073 1336 mnndi

194 1357 349 1429 Quondam
372 1357 461 1437 'lroja
484 1366 591 1437 potens
612 1360 775 1420 incinerata
797 1358 893 1419 docet.

152 1442 216 1502 Jam
239 1444 359 1505 firmum
381 1441 453 1504 nibil
477 1451 531 1514 est,
556 1445 604 1503 eui
627 1461 687 1504 non
709 1451 806 1504 metus
829 1461 896 1504 esse
918 1445 1024 1505 ruinae

194 1526 291 1588 Possit
313 1533 342 1587 et
364 1526 420 1588 laos
443 1526 557 1598 subito;
580 1545 744 1607 persequor
767 1544 838 1604 ergo
861 1529 951 1588 cito“.
979 1567 983 1571 -

110 1609 170 1671 Cur
194 1609 324 1689 elegiaco
347 1607 441 1691 quam'
457 1612 579 1673 heroico
602 1619 698 1673 metro
714 1612 852 1673 maluerit
866 1629 987 1673 carmen
1002 1630 1073 1673 con-

108 1694 192 1765 dere,
216 1704 318 1756 auctor
340 1697 422 1757 111333
444 1695 544 1775 prodit
565 1697 711 1775 prooemii
733 1695 869 1756 versibus
893 1694 933 1756 18
949 1712 1030 1773 sqq:

155 1779 236 1848 „Res
258 1788 358 1858 gestae
380 1797 546 1860 regumque
568 1780 735 1860 ducumque
757 1781 867 1840 ferocia
889 1780 967 1840 lacta

152 1862 217 1934 Quo
239 1863 330 1925 scribi
350 1872 474 1944 possent
495 1882 620 1925 numero
643 1866 817 1925 monstrarit
838 1863 993 1925 Homerus.

153 1945 275 2009 Scilicet
296 1948 418 2011 heroico
440 1949 557 2010 dicetur
579 1950 714 2016 forsitan,
737 1950 787 2008 isti

153 2031 282 2093 Currere
303 2033 442 2095 versiculi
463 2035 531 2112 quia
554 2034 699 2096 deberent
720 2032 796 2111 pede
818 2033 879 2102 tali,

153 2114 297 2194 Quodque
318 2135 373 2195 per
397 2120 519 2194 exiguos
542 2136 717 2198 magnorum
739 2133 844 2195 magna
868 2118 1000 2178 vlrorum

153 2197 271 2260 Proelia
294 2219 354 2263 non
377 2202 482 2263 deceat
503 2201 605 2280 elegos
627 2205 784 2282 scripsisse
806 2201 982 2278 probabant,

154 2281 232 2343 Sane
254 2286 396 2360 concedo,
418 2285 470 2346 sed
493 2295 575 2365 gesta
598 2289 765 2352 miserrima
788 2285 887 2347 scribo

152 2367 190 2427 Et
211 2373 325 2446 strages
347 2374 475 2433 miseras
496 2374 686 2439 miserorum,
710 2371 923 2449 qni-misereri

153 2449 316 2515 Noluerant
338 2455 398 2517 sibi
420 2472 476 2516 nec
498 2453 571 2524 aliis,
595 2456 647 2517 sed
670 2463 765 2516 morte
788 2452 938 2514 metebant

154 2535 193 2596 Se
215 2538 323 2598 misera
347 2542 466 2610 misere,
490 2542 602 2601 misero
624 2538 794 2601 stimulante
815 2538 928 2599 lurore.

153 2618 213 2680 Per
236 2624 363 2684 miseros
384 2627 477 2702 igitur
500 2625 600 2703 elegos
622 2623 679 2684 boe
701 2624 811 2684 ducere
833 2639 954 2682 carmen

154 2702 279 2765 Decrevi
300 2709 440 2770 miseram
463 2719 573 2770 sortem
596 2712 755 2771 miseratus
778 2725 891 2775 eorum,

154 2788 196 2848 lle
218 2788 327 2867 quibus
349 2791 400 2854 bic
421 2792 540 2872 legitur,
564 2794 667 2854 miseri
689 2794 741 2872 qui
763 2798 859 2852 castra
883 2798 1054 2869 sequnntur.

154 2870 216 2933 llae
239 2881 340 2936 nostra
362 2880 478 2938 ratione
500 2876 594 2956 stylus
616 2894 677 2937 non
700 2876 805 2936 debuit
826 2877 897 2934 istas

153 2955 293 3018 Scribere
315 2977 373 3022 nec
396 2960 498 3021 debuit
519 2961 645 3020 heroum
668 2961 801 3020 carmine
823 2965 928 3026 morte,
997 2970 998 2975 ’

155 3041 214 3101 Sed
237 3046 373 3104 numeris
394 3041 451 3102 sub
474 3042 645 3122 disparibus
667 3042 714 3101 lex
736 3043 860 3102 metrica
883 3040 980 3107 saltat,

153 3123 311 3200 Tanquam
334 3125 370 3186 de
394 3129 512 3188 miseris
534 3125 609 3188 haec
631 3132 676 3186 est
698 3127 842 3193 narratio,
865 3124 976 3186 dicat·‘.

196 3206 345 3275 1131313111,
368 3213 418 3289 qni
441 3227 549 3287 magno
571 3208 738 3271 inhonore
760 3208 837 3288 apud
861 3224 964 3267 omnes
986 3206 1076 3266 medii

110 3291 176 3354 aeri
197 3293 357 3371 scriptores
381 3295 444 3364 luit,
467 3296 554 3355 anxie
577 3301 607 3355 et
629 3292 735 3354 iisdem
758 3310 854 3371 paene
876 3291 975 3352 verbis
991 3297 1076 3351 utens

111 3385 233 3440 secutus
256 3383 310 3446 est,
334 3387 367 3438 nt
388 3379 452 3458 ipse
476 3386 599 3440 testatur
620 3376 673 3438 lib.
697 3376 746 3437 lll.
770 3396 797 3436 r.
821 3372 884 3436 239
900 3393 982 3452 sqq:
