2378 3810
155 180 215 245 190
462 185 523 234 mo.
544 185 590 233 vr.
626 200 650 238 v.
670 162 814 236 cra-roo.

152 294 265 396 l3rodiit
287 337 318 394 in
341 334 448 405 lucem,
472 344 541 395 tunc
565 335 671 405 editus,
694 338 750 395 iste
771 334 898 406 libellus,

194 419 288 490 Quam
310 421 402 480 miser
425 426 470 479 est
492 420 620 480 mundus
642 422 796 481 insinuare
820 421 929 482 volens.

151 505 267 564 Forsan
290 504 374 565 adest
396 504 504 581 aliquis
527 504 679 584 dicetque;
703 505 769 585 quis
792 504 885 566 edidit
906 504 1010 566 illum?
1068 517 1119 566 665

194 588 252 648 1616
274 590 441 666 requirenti
463 587 590 648 reddere
613 587 701 648 verba
725 599 816 667 potes.

152 673 313 733 Ecclesiam
337 674 396 733 scis
418 675 450 732 in
473 667 585 741 stadio,
609 691 698 752 quam
721 676 851 751 protegit
874 673 936 745 alis,

193 755 265 817 Nam
289 766 377 835 caput
399 763 444 816 est
467 756 541 835 ejus,
564 758 646 834 virgo
670 755 755 816 beata
777 761 849 818 suis.

49 894 52 899 ,
151 839 206 910 061
229 841 377 901 scribens:
401 843 451 909 „iu
475 842 623 919 principio
647 841 769 902 verbnm
794 860 864 902 caro
886 843 1041 904 lactum:“

194 925 321 998 Intonat,
343 925 423 986 illius
446 926 482 984 ad
505 924 581 985 latus
603 923 652 984 ille
676 925 763 986 volat.
1065 937 1116 986 680

150 1008 263 1068 Prodiit
285 1028 321 1068 ex
343 1009 432 1070 rutilo
454 1026 558 1069 roseus
580 1007 664 1071 locus
685 1006 742 1070 iste
764 1019 874 1080 roseto,

194 1093 326 1170 Ingenua
350 1102 474 1153 matrem
495 1092 648 1155 nobilitate
671 1112 809 1171 sequens.

151 1177 199 1237 Sic
222 1176 355 1239 florendo
380 1180 487 1254 vigent,
512 1186 544 1239 ut
567 1177 668 1247 odore,
693 1177 805 1255 coiere,
828 1197 935 1257 sapore

193 1261 350 1340 Nunquam
374 1262 572 1340 degenerent;
596 1263 642 1321 his
665 1261 761 1322 tribus
784 1262 871 1322 ambo
895 1262 1022 1342 placent.

150 1343 335 1424 splendescit
358 1347 463 1406 virtute
486 1345 577 1411 color,
602 1346 795 1425 doctrinaque
819 1365 942 1423 pascens
1063 1358 1114 1407 685

190 1429 244 1488 Est
266 1446 353 1508 sapor
376 1438 406 1489 et
427 1430 524 1490 lamae
547 1428 677 1490 balsama
700 1433 813 1508 spargit
835 1431 918 1492 odor.

150 1511 292 1572 Abbatem
316 1516 394 1573 nosti
417 1513 576 1582 Turicum,
601 1517 650 1574 cui
673 1513 755 1573 dedit
777 1513 848 1574 olim

190 1595 341 1658 Ecclesiae
364 1598 462 1658 dictae
486 1599 566 1675 virgo
588 1599 796 1675 patrocinium.

148 1681 202 1742 Cui
225 1684 319 1742 virtus
342 1684 471 1742 animam
494 1682 625 1751 decorat,
648 1682 785 1744 facundia
808 1683 939 1760 linguam

192 1765 360 1842 dapsilitate
382 1769 468 1835 nitet,
493 1765 618 1827 utilitate
640 1767 724 1827 viret.
1062 1778 1114 1828 696

148 1848 210 1919 1116,
234 1867 304 1910 snos
326 1849 472 1930 quondam
497 1868 556 1911 non
580 1852 701 1911 ultimus
722 1853 801 1911 inter
824 1854 945 1922 amicos,

188 1934 262 1993 Ante
285 1936 382 1995 virum
404 1933 493 1996 talem
516 1939 568 2015 qui
591 1934 657 1996 tulit
680 1933 744 2013 ejus
766 1952 857 2005 onus;

147 2016 246 2077 Edidit
268 2017 347 2079 lrunc
369 2028 453 2081 sexto
475 2021 589 2079 finitum
614 2037 716 2080 mense
740 2017 882 2088 libellum,

189 2100 240 2160 Cui
261 2109 361 2163 tamen
384 2103 440 2163 hoe
462 2113 580 2183 tempus
601 2120 730 2182 syncopa
754 2103 843 2163 multa
866 2104 985 2186 scidit.¹

147 2184 283 2246 Correxit
298 2188 452 2264 pigritans.
476 2186 574 2246 Labor
589 2186 646 2257 hio,
663 2205 750 2266 quam
768 2186 910 2256 scribere,
928 2187 1037 2268 major;
1061 2199 1112 2247 695

188 2274 224 2330 nt
247 2278 398 2330 corrector
421 2273 476 2332 ait:
500 2272 559 2331 sint
580 2282 629 2331 tua
652 2273 677 2332 si
700 2288 756 2347 qua
779 2270 885 2334 valent.

145 2352 230 2413 Nulla
254 2361 408 2432 poetarum
432 2356 531 2432 posuit
553 2356 701 2434 figmenta,
725 2357 840 2416 Daretis

187 2437 346 2499 Historiam
369 2438 449 2500 soliti
470 2438 613 2508 scribere,
637 2457 705 2499 vera
728 2448 842 2501 tenens.

144 2520 181 2580 Et
203 2521 350 2601 Phrygius
373 2527 427 2584 luit
449 2526 504 2584 iste
527 2525 627 2592 Dares,
652 2533 682 2584 et
704 2532 836 2602 tempore
860 2523 930 2586 belli

187 2605 252 2682 lpsa
276 2607 394 2684 quidem
418 2606 504 2668 miles
527 2608 639 2686 proelia
662 2611 722 2668 visa
746 2608 847 2669 relert.
1060 2619 1112 2668 ⁷00

258 2718 273 2753 4

211 2841 269 2891 678.
282 2842 387 2907 Margo.
401 2841 548 2896 Iohannes.
600 2843 658 2892 681.
671 2843 778 2907 Margo.
792 2840 893 2898 Stadis.
932 2845 990 2896 682.
1003 2844 1110 2910 Margo.

145 2908 329 2960 Harsevelde.
350 2910 425 2974 prius
443 2909 608 2964 Rosenreld.
660 2911 719 2962 687.
738 2910 832 2960 Abbas
844 2910 1030 2963 Theodericus
1050 2927 1111 2963 suc·

145 2977 230 3026 cessit
243 2977 308 3025 1242
326 2977 447 3027 Alberto.
510 2979 568 3028 691.
587 2979 692 3042 Margo.
710 2977 842 3027 Albertus
855 2978 943 3030 abbas
956 2977 1110 3031 trudensis.

144 3044 203 3094 695.
222 3044 263 3092 96.
282 3043 334 3093 cir.
353 3043 433 3095 Ovid.
450 3045 530 3094 Pont.
549 3045 599 3107 111,
617 3047 642 3097 9.
662 3046 701 3099 19.
720 3047 761 3095 20.
781 3047 822 3096 23.
841 3047 875 3096 24

211 3109 299 3175 Saepe
318 3113 396 3176 piget
414 3112 492 3176 (quid
510 3113 583 3162 enim
602 3111 724 3162 dubitem
742 3112 796 3162 tibi
813 3127 880 3164 vera
900 3112 1011 3177 interit)

245 3178 393 3243 corrigere,
414 3185 442 3229 et
459 3180 536 3244 longi
553 3181 624 3229 ferre
643 3179 743 3231 laboris
761 3195 838 3231 onus.

211 3244 354 3310 corrigere
374 3251 404 3296 at
421 3261 465 3297 666
484 3250 621 3297 66116616
640 3248 727 3314 magis
747 3247 841 3311 ardua,
860 3253 965 3312 quanto

244 3313 361 3376 Magnus
379 3313 540 3365 Aristarcho
558 3313 644 3378 major
661 3316 797 3366 Homerus
815 3322 886 3366 erat.

135 3380 193 3428 696,
213 3395 265 3430 sue
282 3395 323 3431 so.
345 3386 478 3433 correcta.
