2378 3810
376 136 437 186 Lib.
456 135 478 185 Ι.
513 152 537 187 v.
558 138 701 189 123-152.

59 288 210 367 Perspieit
232 295 262 348 et
284 288 403 348 Troiam
425 306 479 347 rex
502 289 606 356 munit,
631 290 748 351 moenia
771 290 851 368 lapsa

103 373 202 451 Erigit
224 381 254 432 et
276 389 378 432 muros
401 370 609 451 amplificando
633 373 738 442 trahit;

60 458 248 519 Constructis
270 457 365 534 portis
387 457 515 533 imponit
536 459 665 526 nomine,
690 457 809 537 supplet

103 545 226 602 Amnem
250 539 428 619 neglectum,
452 542 552 601 firmat
573 542 684 622 ubique
707 542 814 613 locum,

60 628 105 689 Ex
128 644 214 686 muro
237 633 336 685 turres
359 632 388 685 et
410 627 633 703 propugnacula
656 634 792 705 surgunt,

104 711 204 771 Firma
227 712 335 770 virtute
358 709 500 786 Pergama
523 716 602 771 stare
623 711 716 773 vides.

61 795 127 857 Non
150 806 219 856 suut
242 796 364 864 munita,
387 802 457 854 sunt
480 797 686 866 munitissima,
710 803 834 875 possent

104 879 184 940 Inter
207 877 360 958 praeclara
384 896 492 938 nomen
515 878 625 939 habere
647 879 723 942 locu.

61 964 153 1040 Regia
176 966 274 1041 surgit
296 963 338 1024 ibi
361 961 540 1023 sublimibus
563 963 620 1024 alta
643 964 800 1036 columnis

104 1047 158 1107 Hio
180 1047 239 1108 sibi
261 1046 409 1107 culturam
432 1047 560 1108 vindieat
582 1067 632 1109 ara
656 1049 747 1110 lovis.

62 1131 172 1193 Versus
194 1132 352 1200 Paeoniam
375 1132 469 1193 fortes
492 1130 607 1192 adscire
630 1132 762 1203 Quirites

106 1215 149 1276 Ad
170 1220 262 1296 patris
283 1217 442 1294 imperium
466 1215 569 1293 dirigit
591 1216 701 1279 Hector
724 1218 790 1282 iter.

190 1396 339 1453 DIVERSI
356 1395 443 1451 LUDI
460 1395 626 1451 MILITIAE
644 1397 897 1460 EXERCENTUR.

64 1519 146 1581 Urbe
168 1520 328 1580 reformata
351 1536 431 1579 nuno
452 1536 506 1578 rex
529 1527 558 1580 et
581 1527 640 1582 tota
663 1520 788 1581 relortat
978 1531 1026 1581 135
1114 1561 1117 1564 -

106 1604 200 1683 Regni
222 1603 381 1682 praesidia,
406 1603 476 1664 litus
499 1622 600 1665 arasse
623 1612 716 1684 putat.

63 1688 208 1767 Pergama
230 1688 356 1748 militiae
377 1704 436 1746 non
460 1687 555 1748 solum
578 1688 653 1748 llore
676 1698 799 1769 coronat

105 1772 200 1833 lmmo
222 1771 319 1851 replet
340 1771 485 1840 Priamus,
509 1771 604 1832 milite
628 1779 688 1832 tota
711 1775 796 1852 viget.

63 1857 181 1934 Regalis
204 1859 286 1917 vario
309 1855 435 1916 laetatur
459 1858 541 1917 ouria
563 1855 643 1925 ludo,

106 1941 138 2002 ln
161 1941 265 2021 quavis
288 1939 372 2000 audis
395 1940 623 2003 carminalaeta
647 1941 744 2002 domo.

63 2025 107 2088 Ne
130 2035 229 2085 tamen
251 2027 388 2102 ignavum
412 2032 589 2086 consumant
611 2029 671 2086 otia
695 2045 821 2106 corpus,

106 2109 238 2171 Militiam
262 2108 407 2179 recolunt,
432 2111 520 2169 sortia
543 2111 635 2172 multa
658 2120 781 2188 gerunt;

64 2194 213 2272 Seguities
236 2211 355 2255 eausam
379 2193 502 2254 dederat
523 2197 602 2274 quia,
626 2195 825 2275 proditionem

106 2278 261 2359 Hesyouae
284 2276 409 2347 deooriS,
432 2277 641 2340 Laomedontis
664 2298 749 2358 opus.

63 2363 140 2425 Tota
162 2363 338 2441 recognovit¹
357 2360 406 2423 hio
428 2364 553 2432 moenia,
577 2362 718 2424 desidiosi
794 2426 796 2430 ,

107 2446 189 2518 Quae
212 2446 328 2526 pridem
351 2448 426 2506 tanti
449 2465 537 2507 eausa
559 2448 644 2508 idere
669 2447 747 2508 mali.

63 2530 180 2592 Desidis
203 2534 325 2608 aurigae
347 2547 408 2590 non
430 2531 513 2591 audit
534 2531 658 2592 verbera
681 2550 796 2603 currus

108 2614 248 2696 Displicet
270 2633 341 2692 ergo
364 2615 433 2675 duoi
456 2615 605 2677 desidiosa
626 2617 726 2693 seqni;

64 2699 128 2761 Nec
150 2718 255 2762 manus
277 2701 420 2775 agnoseit,
445 2718 533 2779 quem
555 2719 616 2761 non
639 2703 782 2770 exercuit,
807 2720 909 2763 areum

108 2783 187 2865 Tyro
209 2785 384 2862 frequenter
407 2783 445 2846 ob
467 2783 525 2846 hoe
547 2787 640 2846 mittit
661 2785 697 2847 ad
720 2804 801 2847 arma
824 2804 955 2850 manum.
981 2796 1031 2846 150

216 2947 395 3004 brunnon
410 2947 591 3004 MITTI'PUR
607 2948 679 3004 PRO
696 2949 877 3005 HESYONE.

63 3068 126 3131 Rex
150 3066 231 3132 ridet
253 3077 286 3133 nt
307 3073 395 3150 regni
417 3069 547 3133 stabilita
570 3073 699 3150 negotia,
721 3079 855 3138 mentem

107 3153 224 3234 Colligit
248 3163 278 3217 et
298 3157 415 3236 proprii
437 3155 535 3218 cordis
557 3159 589 3218 in
611 3175 681 3219 arva
702 3156 797 3224 redit;

64 3289 268 3300 0———..--

134 3357 191 3408 147.
226 3356 371 3410 claudian.
404 3359 438 3410 de
474 3359 579 3410 consul.
613 3357 704 3409 Mallii
738 3355 883 3409 Theodori
911 3374 937 3411 v.
972 3360 1029 3412 187.

64 3423 124 3476 148.
159 3440 175 3476 e
199 3424 344 3478 claudian.
369 3426 403 3479 de
426 3441 501 3479 eona.
519 3425 595 3478 Mell.
614 3425 717 3478 Theod.
741 3441 767 3479 v.
786 3425 847 3478 188.
