2378 3810
419 183 483 236 Lib.
502 185 538 236 11.
573 202 598 236 v.
618 186 694 237 576-
703 188 760 238 602.
1033 186 1077 252 59

109 337 236 399 Obsistit
258 333 417 397 Telamone
440 347 522 398 satus
544 341 715 417 raptimque
737 345 863 401 55151555

153 425 174 483 Α
197 420 292 501 prima
316 423 410 499 puppi
432 425 562 482 sustinet
582 423 646 501 ipse
668 440 781 501 pyram.

110 506 244 568 Sustinet
267 512 296 566 et
317 505 398 565 solus
414 504 553 569 ,delendit
575 505 655 566 mille
677 508 804 577 carinas,

152 588 281 668 llejectis
303 588 420 668 pridem
443 607 495 650 cor
517 597 676 652 revocatur
696 590 779 653 item.
815 613 816 618 ¹

108 674 260 754 llejiciunt
283 676 382 752 ignem
406 674 511 744 Danai,
534 674 699 736 bachantur
721 677 752 737 iu
776 676 902 746 hostem,
1023 685 1076 735 585

152 759 277 820 Sudoris
299 761 379 818 rivos
402 757 452 818 dat
474 777 548 819 nova
571 777 671 838 pugna
693 776 796 820 noros.

109 845 203 906 lnrmo
225 861 320 904 novus
341 860 396 921 per
418 843 550 904 membre
574 861 666 904 cruor
687 843 823 907 fluxisset
843 847 1004 924 utrimque,

152 928 215 989 Nox
237 928 296 988 uisi
318 925 481 988 terribilem
504 926 630 1004 pelleret
651 935 714 989 5155
738 928 829 990 (11555.

679 1020 709 1059 ι

243 1123 455 1180 PATROCLUS
472 1124 520 1177 AB
539 1123 709 1180 HECTORE
727 1124 934 1181 OCCIDITUR.

109 1250 174 1311 Lux
197 1254 298 1309 exorta
320 1248 453 1308 5155515
476 1247 603 1326 pristina
627 1245 702 1308 bella
724 1249 860 1320 remittit,

152 1333 238 1394 Flaut
259 1331 350 1401 lituis,
372 1331 486 1393 validus
507 1329 638 1411 perculit
659 1340 737 1392 astra
761 1350 862 1393 sonus.
1022 1342 1073 1391 555

109 1417 255 1480 1155515551
277 1417 429 1495 Danaique
451 1416 543 1477 duces
563 1414 743 1496 jamjamque
763 1420 976 1498 propinquant,

151 1504 174 1564 t
196 1501 294 1582 prima
316 1502 415 1562 ironte
435 1500 494 1562 tela
518 1501 621 1561 uidere
643 1501 720 1561 vide.

109 1587 300 1648 Concurrunt
320 1588 419 1655 cunei,
443 1583 596 1646 celebrant
617 1588 752 1645 convivia
774 1587 887 1656 mortis,

152 1670 261 1732 Pocula
283 1669 403 1731 Plutoni
425 1667 652 1748 sanguinolenta
674 1669 771 1736 litant,

108 1756 167 1817 Eu!
190 1757 299 1816 iterum
323 1754 405 1816 ierus
427 1754 538 1816 llector
560 1754 654 1824 adest,
677 1772 732 1832 per
754 1753 839 1814 devia
861 1757 958 1834 campi
1022 1763 1074 1812 595

69 1909 76 1924 ,
151 1839 286 1916 Exagitet
308 1839 423 1900 llauaos
445 1857 517 1899 ense
540 1838 669 1898 secando
692 1848 786 1899 cutes.

108 1924 205 1987 Crede
226 1923 409 1985 llenotiades
431 1925 523 1984 nimia
546 1921 743 1984 succumbere
766 1923 872 1984 Graios

151 2009 279 2070 lntuitus
301 2009 416 2069 medios
437 2007 534 2068 fertur
557 2009 585 2067 iu
609 2006 702 2069 hostis
724 2025 822 2085 agros.

111 2093 224 2161 Caedit,
246 2110 303 2153 neo
325 2094 415 2170 cedit,
438 2091 590 2153 caedendo
613 2092 757 2153 cadavera
779 2091 871 2164 dedit,

152 2177 289 2238 Cervices
308 2174 424 2254 jugulet
445 2195 571 2256 ossaque
593 2177 689 2237 155515
712 2185 805 2238 55551.
1024 2185 1074 2233 595

111 2261 147 2322 Et
169 2263 238 2340 quia
260 2263 305 2321 vir
326 2261 412 2322 lortis
433 2263 525 2322 armis
548 2268 593 2322 est
615 2278 687 2322 usus
708 2261 838 2330 Achillis,

152 2345 216 2406 Una
239 2347 413 2425 superficies
435 2363 560 2424 corpora
584 2344 675 2406 multa
698 2345 791 2422 lugat.

108 2430 249 2492 Creditur
272 2449 289 2491 5
311 2429 436 2498 cunctis,
461 2447 516 2491 uec
539 2431 656 2498 mirum,
681 2428 759 2505 quod
783 2430 821 2489 sit
842 2426 981 2499 Achilles,

151 2512 224 2583 Quis
247 2532 307 2574 nou
330 2513 502 2583 crediderit,
526 2514 576 2574 hic
599 2514 643 2573 vir
665 2523 698 2573 ut
720 2530 801 2573 arma
824 2512 900 2574 tulit.

110 2599 229 2668 llector,
252 2599 283 2657 in
305 2599 433 2660 induviis
457 2598 600 2678 dependit
620 2607 653 2658 ut
675 2597 724 2658 hic
746 2596 862 2667 olienis,
1024 2606 1074 2655 555

151 2682 369 2744 Subsanuativo
392 2682 523 2745 clamitet
540 2685 601 2746 1515
626 2682 732 2743 modo:

109 2766 205 2827 Nenro
228 2785 296 2827 suas
319 2768 396 2829 vices
419 2767 508 2829 debet
530 2768 753 2837 transceudere,
777 2784 865 2828 uerno

176 3003 303 3054 576-78.
321 3003 503 3069 Epitomntor.
522 3019 546 3058 r.
565 3004 666 3054 eoa-4

311 3097 344 3106 —
363 3097 395 3107 -
413 3097 445 3107 -
463 3072 537 3121 Huic
555 3071 656 3120 validis
674 3070 786 3121 obsistit
802 3068 909 3119 viribus
927 3063 998 3132 Ajcx

176 3135 257 3187 Stans
275 3138 365 3202 primu
382 3139 411 3187 in
428 3139 523 3203 puppi,
543 3137 696 3203 clypeoque
715 3135 844 3187 incendio
863 3151 948 3188 55555

177 3204 312 3267 Sustinet,
330 3210 359 3256 et
376 3206 451 3257 solus
467 3205 591 3255 defendit
607 3205 684 3256 mille
702 3205 819 3256 55515555.

109 3272 169 3322 554.
186 3267 361 3338 Epitometor
377 3272 458 3328 lusu.
472 3276 567 3324 5144.
635 3275 694 3324 585.
717 3274 746 3323 in
757 3272 894 3335 margine:
912 3286 1006 3336 pugne
1018 3274 1073 3320 ter·

108 3339 157 3399 tie,
175 3340 205 3390 in
217 3354 272 3404 qua
285 3340 432 3391 Patroclus
445 3342 480 3392 ab
493 3342 616 3392 Hectore
628 3337 770 3394 occiditur.
822 3342 881 3392 587.
899 3350 961 3404 pro:
973 3336 1075 3388 ridere.

108 3408 166 3458 592.
195 3405 335 3458 Scholion:
354 3404 506 3461 Patroclus.
575 3411 634 3460 5116.
665 3407 731 3458 Cod.
748 3406 880 3458 Achilles.
954 3407 1013 3464 601,
1040 3420 1075 3456 ex

108 3477 234 3541 margine
252 3490 315 3540 pro:
335 3476 514 3526 subseuusto.
