2378 3810
119 197 179 264 168
444 198 507 258 nau,
526 195 572 247 vn
608 211 634 252 v.
652 195 762 246 re-m.

116 350 183 416 Nou
206 352 298 413 miror
320 352 469 413 Priamum
493 366 553 411 non
575 348 645 409 hino
667 364 727 409 nou
749 343 819 408 inde
840 350 969 420 moveri,

159 433 197 497 Et
219 438 301 498 varie
324 438 404 498 varia
427 453 497 495 voce
520 439 645 495 sonante
667 432 741 511 rapi.

117 519 294 584 Obtuuduut
315 519 461 600 siquidem
485 534 625 580 aurarum
646 523 767 592 pectora
791 534 928 579 sensum:

159 605 331 667 Intermissa
353 606 454 666 minus
476 604 590 664 sarcina
613 601 730 682 pomlus
752 600 851 663 habet.

117 691 201 753 Felix
225 692 276 767 qui
299 690 395 768 poluit
417 685 604 767 tranquillam
628 685 738 747 ducere
760 686 849 747 vitam

159 775 196 835 Et
218 772 295 835 laeto
319 771 441 834 stabiles
464 771 602 832 claudere
624 771 684 832 flue
707 771 779 831 dies.

118 859 149 919 Si
172 861 248 936 quis,
272 875 346 937 quae
369 875 435 918 mea
457 857 496 917 sit
518 873 609 935 super
631 854 678 915 his
700 857 855 927 sententia,
879 859 1009 936 quaerit,

160 940 229 1004 Plus
251 959 339 1019 quam
362 939 417 1002 suh
439 937 527 1010 bello,
551 942 651 1000 virere
672 957 746 1019 paco
767 957 854 1019 rogo.

118 1025 212 1086 Nemo
235 1026 370 1094 miretur,
394 1024 441 1086 bis
464 1025 565 1103 quinta
589 1023 748 1085 revolvitur
771 1032 869 1087 aestas

161 1109 246 1182 Quod
269 1111 396 1189 patriam
418 1117 498 1170 tanta
522 1107 725 1170 commoluere
747 1106 833 1180 mala,

117 1194 154 1255 El
176 1193 306 1274 glacialis
328 1196 424 1256 hiems
446 1189 634 1274 aquilonibus
657 1201 776 1272 asperat
796 1192 892 1256 undas

158 1280 220 1341 lam
244 1279 351 1349 decies,
374 1295 490 1356 pugnae
513 1296 569 1338 neo
591 1276 754 1338 numerabo
776 1279 866 1340 vices.

116 1362 204 1425 Nullo
226 1362 381 1423 nobiseum
404 1380 504 1423 sumus
527 1378 656 1438 unquam
679 1369 825 1442 tempore,
848 1371 954 1424 noctes

159 1447 302 1508 Ducimus
323 1449 487 1514 insomnes,
511 1447 609 1506 omnis
631 1464 730 1507 amara
753 1446 825 1509 dies.

116 1530 286 1593 Mendioant
307 1532 442 1611 requiem
466 1537 534 1608 post
556 1529 678 1607 longum
700 1531 835 1594 membra
856 1530 1002 1601 laborem,

160 1615 246 1677 Unde
267 1621 337 1695 peto
360 1615 431 1693 poni
453 1613 578 1693 proelia,
602 1632 675 1693 paee
698 1613 766 1675 irui.

116 1698 283 1761 Polidamas
306 1699 406 1759 verbis
428 1715 581 1759 assensum
604 1696 742 1775 praebuit
763 1701 828 1759 istis

159 1784 195 1845 Et
216 1800 320 1862 pacem
343 1785 409 1843 lieri
432 1783 572 1862 postulat,
596 1800 678 1842 arma
700 1786 808 1861 premi.

401 1961 572 2033 [Puruuns
589 1960 800 2034 nonomen]

116 2086 211 2147 lratus
233 2086 386 2146 Priamus:
411 2086 558 2144 Antenor!
581 2102 661 2146 nuno
684 2087 806 2146 recitata

158 2170 219 2240 Est,
243 2173 293 2237 ait,
318 2188 332 2228 a
357 2169 453 2245 eapite
476 2169 592 2245 cognita
617 2187 706 2231 causa
728 2169 793 2230 tibi.

118 2252 162 2314 Ad
186 2253 300 2315 Danaos
322 2253 440 2330 legatus
464 2269 539 2322 eras,
563 2271 631 2315 oum
654 2261 740 2332 rapta
762 2254 875 2336 luisset

160 2339 301 2399 Primitus
322 2338 460 2418 Hesyoue
483 2336 617 2416 iactaque
640 2339 752 2417 praeda
774 2342 880 2416 gravis,

115 2423 241 2501 Insuper
263 2424 380 2483 occisus
402 2424 529 2500 genitor,
554 2422 621 2499 quid
646 2431 743 2484 cetera
767 2424 886 2485 dicam?

158 2507 283 2585 Propria
306 2506 445 2567 continue
467 2507 597 2584 prodere
619 2504 728 2587 probra
752 2507 858 2586 pudor.

118 2592 185 2653 Non
208 2592 294 2667 quasi
317 2588 479 2658 nuutiolus,
503 2609 591 2670 quam
615 2594 796 2653 secretarius
818 2593 891 2662 ibas,

158 2676 231 2736 Nam
254 2675 300 2734 ria
323 2675 445 2734 oonsilio
467 2676 581 2753 prodiit
601 2674 649 2737 illa
673 2684 734 2737 tuo.

115 2758 158 2820 Ad
182 2759 312 2820 Graeoos
335 2759 435 2837 itaque
457 2761 600 2828 transisti,
624 2760 693 2838 quid
717 2758 865 2821 retulisti?

157 2843 262 2905 Nonne
285 2851 409 2920 repente
431 2844 492 2904 suis
514 2851 544 2904 te
567 2861 720 2922 pupugere
743 2843 878 2924 probris?

114 2926 218 2989 Nonne
240 2928 381 3005 frequens
403 2928 537 2989 hortator
560 2946 635 2996 eras,
659 2935 692 2988 ut
714 2929 744 2987 iu
767 2946 850 2990 arma
872 2927 987 2989 volaret

157 3012 194 3072 Et
217 3021 354 3089 quateret
375 3019 468 3072 totum
492 3014 587 3090 patria
609 3030 697 3092 posse
718 3031 815 3073 suum.

182 3216 223 3268 45.
241 3215 283 3265 46.
301 3213 413 3266 Maxim.
426 3213 459 3277 V,
471 3215 513 3263 69.
529 3215 570 3264 to.
630 3214 671 3267 47.
684 3215 725 3266 48.
745 3213 825 3279 Apud
838 3212 919 3267 eund.
929 3212 952 3277 Ι,
965 3214 1025 3279 289,
1038 3217 1087 3269 90.

249 3280 332 3331 Felix
351 3281 397 3345 qui
414 3280 515 3332 meruit
533 3279 711 3345 tranquillam
728 3280 830 3331 ducere
849 3282 936 3333 vitum

283 3348 320 3398 El
338 3347 427 3398 laetos
445 3346 543 3398 stabili
561 3346 690 3399 claudere
708 3347 761 3398 line
780 3348 849 3400 dies.

114 3419 158 3468 oe.
176 3414 287 3480 Virgilii
306 3421 349 3466 est
361 3414 428 3467 Aen.
440 3414 491 3477 ΠΙ,
507 3415 564 3468 285.
606 3417 646 3468 56.
664 3415 733 3481 glos.
748 3426 818 3467 omn.
833 3431 885 3467 om.
898 3414 934 3469 di.
949 3420 1000 3471 ests
1036 3418 1083 3472 66.

103 3483 177 3548 glos.
191 3481 272 3550 prod.
291 3483 384 3549 probr.
403 3483 469 3551 pud.
489 3487 539 3538 est.
