2378 3810
413 153 473 210 usn.
491 155 542 209 111.
576 169 603 203 v.
624 155 768 207 saa-cic.
1034 151 1074 216 91

108 308 170 368 lam
192 323 335 386 proceres
359 303 471 384 aliquos
495 312 656 367 attraxerat
677 305 714 367 ad
737 325 789 368 sua
811 314 889 375 vcta,

149 390 212 452 lam
236 393 336 470 coepit
359 389 454 449 scindi
477 390 626 451 seditione
648 389 765 450 cohors.
1025 398 1076 448 090

108 476 156 538 Nil
179 474 341 555 reprobum
364 475 421 534 luit
441 475 472 534 in
493 476 724 552 Agamemnone,
748 473 885 543 bellicus,
915 475 1019 544 audax,

150 560 246 622 Fortis
269 566 341 628 erat,
365 557 441 618 bene
464 575 496 618 se
519 557 712 638 militiamque
734 576 859 636 regens;

107 645 210 706 Maluit
233 660 304 720 erge
327 643 408 723 prius
431 643 543 703 faculas
565 646 740 720 extinguere
762 642 829 713 litis,

150 729 187 789 Et
209 727 295 788 irene
317 728 399 804 pacis
420 727 548 806 perdere
571 735 688 807 sceptra
710 730 816 806 magis.

108 815 194 875 illane
224 812 315 872 duces
336 810 540 890 populumque
562 822 661 880 vucat;
692 819 793 882 status,
817 812 922 893 inquit,
946 812 1073 880 honesti,

150 897 201 957 Lis
224 899 302 956 inter
325 897 421 957 socies
444 914 482 956 ue
505 905 668 966 moveatur,
692 896 791 958 habet.
1024 904 1075 953 596

108 983 173 1043 Non
197 981 259 1041 leve
282 979 424 1041 sollicitae
447 982 554 1040 mentis
577 979 719 1042 discurrit
741 998 867 1041 acumen
974 998 981 1009 ·

151 1067 188 1126 ln.
206 1065 291 1133 duce,
316 1067 366 1143 qui
389 1072 493 1142 captat,
518 1074 549 1124 ut
570 1064 648 1124 lteiie
669 1083 762 1141 regna
784 1073 878 1142 regat.

110 1149 239 1210 Raditur
262 1149 380 1210 assidua
402 1147 513 1226 regalis
535 1148 628 1225 gloria
651 1167 731 1218 cura,

151 1233 256 1311 Dejicit
279 1231 427 1294 excelsum
450 1233 542 1293 multa
564 1230 686 1311 querela
709 1233 827 1294 ducem.
1026 1241 1076 1290 600

108 1317 227 1379 Rudere
251 1319 327 1378 malo
351 1316 459 1388 labam,
483 1334 572 1395 quam
596 1335 666 1378 cura
689 1326 832 1396 praepete
855 1316 931 1385 rodi,

152 1403 227 1462 Sunt
250 1401 322 1462 mihi
345 1420 438 1480 pauca
464 1404 545 1470 satis,
569 1410 639 1462 suut
661 1403 732 1463 mihi
754 1397 846 1462 multa
869 1402 967 1462 nimis·

110 1485 235 1547 iusidias
258 1485 344 1545 mcdn
368 1502 459 1562 regna
480 1487 594 1555 timent,
609 1485 707 1547 'modo
729 1486 929 1560 traditionem,

152 1570 237 1639 Nrrnc
257 1569 404 1649 jugulum,
428 1588 507 1630 nunc
531 1589 583 1629 cur
606 1569 766 1632 ambitione
788 1586 905 1646 vagum.

109 1655 163 1715 Est
184 1654 281 1714 honor
304 1655 420 1714 assidue
443 1659 580 1732 suspecta
602 1655 734 1732 pericula
757 1656 855 1714 ferret
1027 1662 1076 1717 605

153 1738 204 1799 Est
225 1737 321 1798 honor
343 1739 475 1799 incertos
497 1755 615 1816 semper
637 1737 749 1800 habere
772 1739 854 1798 dies?

108 1824 173 1885 Non
198 1822 293 1881 houm
317 1830 371 1888 est,
395 1822 447 1882 sed
470 1840 554 1890 onus,
577 1825 693 1901 species
714 1823 830 1884 laesura
853 1823 1016 1893 lecentem;

152 1906 311 1973 listhene,
337 1924 412 1986 quae
434 1917 557 1984 generat
580 1927 647 1969 esca
670 1916 801 1970 comesta
824 1907 948 1967 necem?

109 1992 202 2052 Parva
224 1991 322 2051 solent
344 1993 457 2069 magnis
480 2009 599 2052 causam
621 2001 773 2070 praestare
796 1994 917 2062 ruinae:

152 2073 207 2143 Qui
227 2075 307 2154 jacet
328 2075 461 2144 inferius,
486 2094 544 2137 nun
568 2076 665 2147 habet,
689 2079 768 2139 unde
790 2077 886 2142 cadat.
1024 2085 1075 2134 610

108 2159 165 2230 001
187 2162 266 2221 cadit
287 2160 317 2219 10
340 2161 497 2240 planaria
520 2159 580 2232 hic,
604 2171 675 2223 tunc
697 2165 795 2223 evenit
818 2163 884 2242 ipsi,

153 2244 203 2304 Sic
226 2244 305 2306 cadit
326 2255 359 2304 ut
380 2253 456 2306 tacta
481 2263 605 2323 surgere
626 2250 721 2324 pessit
743 2246 845 2307 humo.

109 2329 170 2389 Nec
194 2327 267 2389 mala
291 2347 367 2407 quae
389 2332 486 2409 posui,
511 2329 555 2388 vel
576 2347 694 2408 possem
718 2348 841 2406 000000
865 2331 998 2406 quamvis

151 2412 268 2490 integra
292 2432 349 2491 pax
372 2417 480 2490 vigeat,
501 2420 570 2472 sunt
592 2412 749 2472 metuenda
772 2411 856 2473 mihi.
890 2414 893 2419 ⁴

108 2496 187 2567 Ouid
208 2497 244 2556 de
266 2500 419 2574 praesenti
442 2496 576 2556 dicemus
598 2506 743 2574 tempere,
767 2495 883 2574 quando
1026 2505 1076 2554 010

152 2580 219 2641 0110
242 2598 294 2638 rex
316 2588 417 2640 noster
440 2579 551 2640 ducere
573 2578 653 2640 nulla
675 2587 780 2658 potest.

110 2751 313 2759 ..—-.-—-——-

177 2850 235 2901 591.
255 2864 303 2912 pro
323 2848 381 2899 cod.
400 2849 553 2903 rebrebum.
605 2850 663 2903 597,
682 2848 831 2899 Claudiani
850 2853 901 2914 est,
921 2852 992 2914 rapt.
1010 2849 1076 2898 Pro-

106 2919 312 3035 cridla
331 2919 419 3033 0100·
438 2917 575 3034 0101θὲ
590 2917 698 3036 {illd
703 2919 735 2968 ¹⁰
759 2916 945 3035 villielmi?
963 2915 1077 3034 quelli

109 3026 218 3117 Margo:
244 3000 322 3115 qgasi
339 3021 428 3113 dicat,
446 3001 549 3102 nou.y
579 3000 1076 3121 ’60801οξ30000001·(110”01,000;
1142 3038 1145 3042 ’

106 3122 167 3175 609.
187 3120 279 3173 Gualt.
298 3119 375 3169 Alex.
393 3119 442 3173 lib.
460 3120 522 3179 Vll,
542 3123 601 3171 512.

227 3205 318 3254 Parva
336 3203 407 3254 solet
424 3205 531 3268 magnis
550 3221 663 3256 causam
681 3208 824 3272 praestare
843 3205 940 3256 ruinis.

105 3288 265 3340 0100100,
285 3289 382 3352 parab.
402 3289 440 3350 Il,
461 3291 492 3339 18

246 3356 301 3418 Qui
315 3355 393 3419 jacet
412 3357 441 3405 in
459 3361 542 3416 terra,
561 3372 615 3408 nou
633 3356 725 3414 habet,
744 3357 815 3409 unde
833 3356 924 3411 cadat.

109 3440 167 3488 611.
187 3441 226 3488 ta.
246 3438 318 3488 hanc
335 3440 505 3490 sententiam
523 3440 608 3493 latius
626 3441 776 3507 explicant.
