2378 3810
412 173 474 224 naa.
492 172 546 228 111.
581 190 607 229 v.
625 175 769 228 eea-eas.
858 238 860 243 ¹
1035 175 1076 240 93
1165 166 1167 173 ’

106 325 242 386 Induitur
264 322 375 400 trabea,
401 324 452 385 sed
476 324 710 405 nullapotentia
732 326 819 405 longa

151 408 294 470 Persolvit
317 417 416 486 grates
438 410 636 489 imperitando
660 412 769 472 sedem.

106 493 172 555 Non
195 494 291 573 placet
313 493 456 554 Aeacidae
478 496 563 572 regni
586 498 724 566 mutatio;
748 514 836 576 saepe

150 579 207 638 Res
230 595 304 639 oum
322 580 458 657 personis
481 597 513 639 se
537 580 649 640 variare
672 578 778 645 solent.
1026 593 1076 642 666

283 742 424 795 ITERUM
442 742 617 797 REDEUNT
636 743 686 796 AD
704 745 901 801 PROELIUM.

108 848 224 909 Interea
247 846 325 907 binis
348 849 466 908 emissis
488 848 644 910 mensibus
668 859 697 910 et
718 868 776 929 pan

152 932 203 993 Est
225 931 314 992 simul
339 934 454 1002 emissa,
478 932 510 992 iit
532 950 622 993 sonus
645 933 756 1015 absque
780 954 870 997 mora.

108 1017 216 1078 Eduoit
239 1017 368 1076 Graecos
391 1015 573 1086 Palamedes
596 1016 701 1078 bellica
726 1021 808 1097 signa

150 1102 307 1167 Instaurat,
332 1117 444 1160 cuneos
467 1100 593 1171 ordinat,
619 1120 700 1161 arma
723 1103 807 1164 levat.

107 1185 216 1247 Contra
239 1184 409 1264 Deiphobus
433 1184 575 1265 Phrygios
596 1185 627 1245 in
651 1185 765 1262 proelia
789 1187 879 1256 ducit,
1025 1199 1074 1247 665

151 1269 350 1338 Concurrunt,
373 1277 516 1346 pugnant,
540 1269 658 1329 lortiter
681 1289 762 1332 arma
785 1280 900 1332 sonant.

110 1354 152 1414 lle
174 1354 261 1433 Lycia
284 1352 439 1433 Sarpedon
463 1353 545 1414 adest
568 1357 651 1414 etin
675 1358 794 1433 agmine
817 1359 922 1418 miscet

150 1439 279 1499 Vulnera
303 1437 468 1508 funeribus,
492 1439 595 1499 lunera
621 1437 805 1501 vulneribus.

108 1521 172 1582 Tali
196 1521 396 1600 Triptolemus
416 1523 530 1604 janctura
554 1530 652 1585 motus
677 1528 773 1597 atroci

151 1606 270 1686 Impulit
292 1607 372 1668 huno
394 1608 501 1676 animo,
526 1624 614 1684 quem
637 1607 747 1687 premit
769 1608 881 1686 absque
903 1627 997 1674 mora.
1026 1620 1076 1669 660

108 1691 265 1771 Temperat
287 1690 335 1750 ille
358 1691 479 1751 modum
503 1693 703 1771 reprimendo,
728 1711 783 1754 nec
805 1694 956 1755 moderari

152 1773 331 1835 Obsistendo
354 1774 442 1834 modo
465 1775 597 1853 pervalet
618 1774 668 1834 ille
692 1776 822 1836 modum.
886 1780 890 1786 ’

108 1857 172 1919 Non
196 1859 272 1919 ridet
295 1861 411 1919 lortuna
435 1857 494 1926 diu,
518 1859 607 1918 nimis
630 1859 856 1921 immoderatum

152 1943 288 2003 Vulneris
309 1940 421 2021 injectu
443 1961 525 2002 mors
549 1942 721 2003 moderatur
744 1942 861 2009 herum.

109 2027 141 2086 ln
166 2027 276 2088 bellum
300 2027 406 2087 Perses
428 2026 563 2087 succedit
585 2046 712 2108 eumque
735 2035 858 2109 repente
1026 2039 1075 2088 666

152 2110 306 2191 Sarpedon
331 2112 444 2180 sternit,
469 2119 605 2174 mortuus
627 2111 677 2173 ille
699 2113 787 2174 cadit.

109 2198 216 2256 lliatim
241 2215 272 2256 se
296 2196 420 2275 populus
444 2196 611 2264 obtruncat,
635 2206 737 2258 mutuo
760 2207 897 2267 mactant,

152 2280 343 2353 Sternuntur,
368 2287 515 2347 sternunt,
540 2277 632 2339 millia
656 2281 746 2341 multa
770 2284 887 2342 cadunt.

109 2364 243 2431 Ridetur,
268 2365 378 2425 chorda
401 2366 453 2444 qui
475 2381 593 2440 semper
615 2365 736 2425 oberrat
759 2366 872 2435 eadem,
961 2397 967 2403 ·

152 2448 290 2518 Quamvis
315 2451 354 2507 sit
377 2450 480 2509 doctus
504 2456 533 2507 et
555 2448 708 2508 citharista
732 2448 835 2508 bonus.
1027 2459 1077 2509 670

110 2532 236 2592 Vocibus
259 2535 372 2593 instare
395 2550 449 2592 nos
472 2550 589 2609 semper
612 2539 693 2610 optat
716 2533 841 2593 eisdem:

152 2617 343 2683 Sternuntur,
367 2623 509 2686 sternunt,
534 2616 627 2676 millia
651 2616 742 2677 multa
766 2617 883 2678 cadunt.
924 2610 926 2615 ⁴

109 2699 197 2759 Certe
221 2717 310 2776 saepe
334 2702 420 2762 docet
443 2717 497 2761 nos
521 2701 638 2760 cordam
662 2710 793 2778 tangere,
817 2720 870 2780 per
893 2721 980 2781 quam

152 2783 253 2843 Debita
277 2788 459 2863 praecipitur
482 2786 601 2864 saepius
623 2788 667 2844 ire
690 2795 768 2846 nota.

109 2869 208 2945 Pugna
233 2870 351 2944 quidem
376 2887 491 2947 magna,
514 2870 609 2949 major
630 2869 779 2950 jactantia,
803 2880 917 2948 strages
1027 2881 1076 2930 675

151 2954 276 3014 Maxima
302 2953 441 3023 desaevit,
464 2952 549 3032 plebs
571 2957 654 3032 quasi
677 2954 790 3030 grando
813 2958 883 3016 ruit.

176 3125 235 3176 650,
255 3122 320 3176 God.
336 3121 490 3187 protheare.
505 3137 612 3186 margo:
631 3127 742 3174 mutare.
780 3124 836 3175 651.
851 3123 962 3188 Margo:
977 3124 1076 3189 Pugna

112 3190 175 3252 XII,
195 3192 222 3239 in
242 3206 295 3255 qua
314 3189 455 3254 Sarpedon
475 3203 520 3238 rex
538 3190 642 3251 Lyciae
661 3191 761 3240 occidit
778 3191 981 3255 Triptolemum.

111 3258 169 3306 669.
188 3260 228 3309 to.
248 3262 287 3312 71.
308 3260 413 3322 Margo.
433 3257 479 3305 hio
497 3260 612 3306 excusat
631 3273 660 3306 se
680 3263 775 3309 auctor
792 3273 927 3321 supereo,
946 3257 1018 3324 quod
1033 3272 1077 3308 eo-

111 3324 187 3387 gitur
204 3339 289 3390 saepe
309 3326 403 3376 eadem
422 3328 553 3389 repetere.
588 3325 654 3375 Hor.
672 3324 723 3377 Ars
743 3332 814 3391 poet.
833 3328 892 3379 355.
910 3325 951 3375 56.

195 3392 324 3453 Quamvis
344 3399 388 3443 est
405 3392 533 3455 monitus,
552 3392 635 3443 venie
653 3402 741 3455 caret3
762 3399 791 3443 at
810 3392 984 3443 citharoedus

194 3460 318 3523 Ridetnr,
338 3460 440 3510 chorda
459 3460 506 3524 qui
524 3474 632 3526 semper
650 3461 763 3511 oberrat
782 3459 884 3516 eadem.
