<?xml version="1.0" encoding="UTF-8"?>
<!DOCTYPE html PUBLIC "-//W3C//DTD XHTML 1.0 Transitional//EN"
    "http://www.w3.org/TR/xhtml1/DTD/xhtml1-transitional.dtd">
<html xmlns="http://www.w3.org/1999/xhtml" xml:lang="en" lang="en">
 <head>
  <title>
</title>
<meta http-equiv="Content-Type" content="text/html;charset=utf-8" />
  <meta name='ocr-system' content='tesseract 3.04.00' />
  <meta name='ocr-capabilities' content='ocr_page ocr_carea ocr_par ocr_line ocrx_word'/>
</head>
<body>
  <div class='ocr_page' id='page_1' title='image "./troilus00hildgoog_0188.png"; bbox 0 0 2378 3810; ppageno 0'>
   <div class='ocr_carea' id='block_1_1' title="bbox 417 183 1073 248">
    <p class='ocr_par' dir='ltr' id='par_1_1' title="bbox 417 183 1073 248">
     <span class='ocr_line' id='line_1_1' title="bbox 417 183 1073 248; baseline 0.015 -10"><span class='ocrx_word' id='word_1_1' title='bbox 417 187 480 239; x_wconf 74' lang='lat' dir='ltr'><strong>niu.</strong></span> <span class='ocrx_word' id='word_1_2' title='bbox 499 188 532 237; x_wconf 88' lang='lat' dir='ltr'><strong>v.</strong></span> <span class='ocrx_word' id='word_1_3' title='bbox 566 204 592 239; x_wconf 84' lang='lat' dir='ltr'><strong>v.</strong></span> <span class='ocrx_word' id='word_1_4' title='bbox 612 188 754 238; x_wconf 76' lang='lat' dir='ltr'><strong>cac-oca.</strong></span> <span class='ocrx_word' id='word_1_5' title='bbox 1012 183 1073 248; x_wconf 82' lang='lat'><strong>163</strong></span> 
     </span>
    </p>
   </div>
   <div class='ocr_carea' id='block_1_2' title="bbox 109 338 1076 410">
    <p class='ocr_par' dir='ltr' id='par_1_2' title="bbox 109 338 1076 410">
     <span class='ocr_line' id='line_1_2' title="bbox 109 338 1076 410; baseline -0.007 -7"><span class='ocrx_word' id='word_1_6' title='bbox 109 343 193 410; x_wconf 79' lang='lat' dir='ltr'><strong>Audi,</strong></span> <span class='ocrx_word' id='word_1_7' title='bbox 217 359 270 401; x_wconf 81' lang='lat' dir='ltr'><strong>rex</strong></span> <span class='ocrx_word' id='word_1_8' title='bbox 292 341 393 401; x_wconf 88' lang='lat' dir='ltr'><strong>lortisl</strong></span> <span class='ocrx_word' id='word_1_9' title='bbox 416 357 484 400; x_wconf 87' lang='lat' dir='ltr'><strong>oro:</strong></span> <span class='ocrx_word' id='word_1_10' title='bbox 507 358 566 400; x_wconf 89' lang='lat' dir='ltr'><strong>nou</strong></span> <span class='ocrx_word' id='word_1_11' title='bbox 590 357 642 399; x_wconf 88' lang='lat' dir='ltr'><strong>ore</strong></span> <span class='ocrx_word' id='word_1_12' title='bbox 665 338 787 408; x_wconf 87' lang='lat' dir='ltr'><strong>diserto,</strong></span> <span class='ocrx_word' id='word_1_13' title='bbox 1025 347 1076 397; x_wconf 83' lang='grc'><strong>935</strong></span> 
     </span>
    </p>
   </div>
   <div class='ocr_carea' id='block_1_3' title="bbox 90 422 1078 2843">
    <p class='ocr_par' dir='ltr' id='par_1_3' title="bbox 152 422 851 502">
     <span class='ocr_line' id='line_1_3' title="bbox 152 422 851 502; baseline -0.006 -16"><span class='ocrx_word' id='word_1_14' title='bbox 152 430 190 486; x_wconf 84' lang='lat' dir='ltr'><strong>m</strong></span> <span class='ocrx_word' id='word_1_15' title='bbox 212 434 310 485; x_wconf 85' lang='lat' dir='ltr'><strong>tamen</strong></span> <span class='ocrx_word' id='word_1_16' title='bbox 334 433 381 485; x_wconf 91' lang='lat' dir='ltr'><strong>est</strong></span> <span class='ocrx_word' id='word_1_17' title='bbox 403 427 519 484; x_wconf 90' lang='lat' dir='ltr'><strong>animus</strong></span> <span class='ocrx_word' id='word_1_18' title='bbox 542 424 632 483; x_wconf 88' lang='lat' dir='ltr'><strong>edere</strong></span> <span class='ocrx_word' id='word_1_19' title='bbox 654 440 746 502; x_wconf 94' lang='lat' dir='ltr'><strong>pauca</strong></span> <span class='ocrx_word' id='word_1_20' title='bbox 769 422 851 482; x_wconf 87' lang='lat' dir='ltr'><strong>mihi.</strong></span> 
     </span>
    </p>

    <p class='ocr_par' dir='ltr' id='par_1_4' title="bbox 110 504 979 673">
     <span class='ocr_line' id='line_1_4' title="bbox 110 504 979 587; baseline -0.006 -16"><span class='ocrx_word' id='word_1_21' title='bbox 110 511 175 571; x_wconf 91' lang='lat' dir='ltr'><strong>Nou</strong></span> <span class='ocrx_word' id='word_1_22' title='bbox 197 509 294 570; x_wconf 91' lang='lat' dir='ltr'><strong>bonus</strong></span> <span class='ocrx_word' id='word_1_23' title='bbox 317 518 363 570; x_wconf 88' lang='lat' dir='ltr'><strong>est</strong></span> <span class='ocrx_word' id='word_1_24' title='bbox 379 510 465 578; x_wconf 79' lang='lat' dir='ltr'><strong>civis,</strong></span> <span class='ocrx_word' id='word_1_25' title='bbox 489 511 542 586; x_wconf 92' lang='lat' dir='ltr'><strong>qui</strong></span> <span class='ocrx_word' id='word_1_26' title='bbox 563 508 696 587; x_wconf 90' lang='lat' dir='ltr'><strong>praeiert</strong></span> <span class='ocrx_word' id='word_1_27' title='bbox 718 504 831 566; x_wconf 87' lang='lat' dir='ltr'><strong>civibus</strong></span> <span class='ocrx_word' id='word_1_28' title='bbox 854 506 979 577; x_wconf 79' lang='lat' dir='ltr'><strong>hostem,</strong></span> 
     </span>
     <span class='ocr_line' id='line_1_5' title="bbox 152 590 868 673; baseline -0.003 -21"><span class='ocrx_word' id='word_1_29' title='bbox 152 593 204 654; x_wconf 88' lang='lat' dir='ltr'><strong>Vel</strong></span> <span class='ocrx_word' id='word_1_30' title='bbox 228 595 279 672; x_wconf 91' lang='lat' dir='ltr'><strong>qui</strong></span> <span class='ocrx_word' id='word_1_31' title='bbox 303 594 366 654; x_wconf 87' lang='lat' dir='ltr'><strong>cive</strong></span> <span class='ocrx_word' id='word_1_32' title='bbox 387 594 482 670; x_wconf 89' lang='lat' dir='ltr'><strong>magis</strong></span> <span class='ocrx_word' id='word_1_33' title='bbox 505 601 631 673; x_wconf 89' lang='lat' dir='ltr'><strong>occupat</strong></span> <span class='ocrx_word' id='word_1_34' title='bbox 653 592 738 652; x_wconf 85' lang='lat' dir='ltr'><strong>hoste</strong></span> <span class='ocrx_word' id='word_1_35' title='bbox 761 590 868 664; x_wconf 89' lang='lat' dir='ltr'><strong>larem;</strong></span> 
     </span>
    </p>

    <p class='ocr_par' dir='ltr' id='par_1_5' title="bbox 112 673 1077 841">
     <span class='ocr_line' id='line_1_6' title="bbox 112 673 1075 758; baseline -0.004 -18"><span class='ocrx_word' id='word_1_36' title='bbox 112 678 169 749; x_wconf 88' lang='lat' dir='ltr'><strong>Qui</strong></span> <span class='ocrx_word' id='word_1_37' title='bbox 192 680 275 756; x_wconf 90' lang='lat' dir='ltr'><strong>spuit</strong></span> <span class='ocrx_word' id='word_1_38' title='bbox 296 679 327 737; x_wconf 90' lang='lat' dir='ltr'><strong>in</strong></span> <span class='ocrx_word' id='word_1_39' title='bbox 343 679 504 758; x_wconf 83' lang='lat' dir='ltr'>propriam,</span> <span class='ocrx_word' id='word_1_40' title='bbox 527 677 638 756; x_wconf 90' lang='lat' dir='ltr'><strong>probra</strong></span> <span class='ocrx_word' id='word_1_41' title='bbox 654 677 768 756; x_wconf 80' lang='lat' dir='ltr'><strong>spargit</strong></span> <span class='ocrx_word' id='word_1_42' title='bbox 782 677 912 754; x_wconf 92' lang='lat' dir='ltr'><strong>propria,</strong></span> <span class='ocrx_word' id='word_1_43' title='bbox 936 673 1075 743; x_wconf 85' lang='lat' dir='ltr'><strong>barbam;</strong></span> 
     </span>
     <span class='ocr_line' id='line_1_7' title="bbox 153 760 1077 841; baseline -0.006 -19"><span class='ocrx_word' id='word_1_44' title='bbox 153 762 276 830; x_wconf 88' lang='lat' dir='ltr'><strong>Nidum‚</strong></span> <span class='ocrx_word' id='word_1_45' title='bbox 300 780 358 841; x_wconf 87' lang='lat' dir='ltr'><strong>quo</strong></span> <span class='ocrx_word' id='word_1_46' title='bbox 380 762 505 832; x_wconf 86' lang='lat' dir='ltr'><strong>residet,</strong></span> <span class='ocrx_word' id='word_1_47' title='bbox 529 761 647 822; x_wconf 89' lang='lat' dir='ltr'><strong>sordida</strong></span> <span class='ocrx_word' id='word_1_48' title='bbox 670 760 771 821; x_wconf 89' lang='lat' dir='ltr'><strong>loedat</strong></span> <span class='ocrx_word' id='word_1_49' title='bbox 792 761 863 820; x_wconf 87' lang='lat' dir='ltr'><strong>avis.</strong></span> <span class='ocrx_word' id='word_1_50' title='bbox 1026 767 1077 817; x_wconf 72' lang='lat'><strong>940</strong></span> 
     </span>
    </p>

    <p class='ocr_par' dir='ltr' id='par_1_6' title="bbox 112 845 934 925">
     <span class='ocr_line' id='line_1_8' title="bbox 112 845 934 925; baseline -0.002 -19"><span class='ocrx_word' id='word_1_51' title='bbox 112 847 212 924; x_wconf 82' lang='lat' dir='ltr'>Turpe</span> <span class='ocrx_word' id='word_1_52' title='bbox 235 846 435 907; x_wconf 83' lang='lat' dir='ltr'><strong>rudimentum</strong></span> <span class='ocrx_word' id='word_1_53' title='bbox 459 849 574 925; x_wconf 82' lang='lat' dir='ltr'>patriae</span> <span class='ocrx_word' id='word_1_54' title='bbox 596 862 766 925; x_wconf 81' lang='lat' dir='ltr'>proponere</span> <span class='ocrx_word' id='word_1_55' title='bbox 789 845 934 906; x_wconf 86' lang='lat' dir='ltr'><strong>Graccum</strong></span> 
     </span>
    </p>

    <p class='ocr_par' dir='ltr' id='par_1_7' title="bbox 117 929 795 1007">
     <span class='ocr_line' id='line_1_9' title="bbox 117 929 795 1007; baseline -0.003 -16"><span class='ocrx_word' id='word_1_56' title='bbox 117 941 125 949; x_wconf 80' lang='grc'><em>’</em></span> <span class='ocrx_word' id='word_1_57' title='bbox 152 931 189 991; x_wconf 85' lang='lat' dir='ltr'><strong>Et</strong></span> <span class='ocrx_word' id='word_1_58' title='bbox 211 948 328 991; x_wconf 85' lang='lat' dir='ltr'><strong>servum</strong></span> <span class='ocrx_word' id='word_1_59' title='bbox 352 932 417 992; x_wconf 89' lang='lat' dir='ltr'><strong>vitii</strong></span> <span class='ocrx_word' id='word_1_60' title='bbox 438 941 543 1007; x_wconf 90' lang='lat' dir='ltr'><strong>pectus</strong></span> <span class='ocrx_word' id='word_1_61' title='bbox 565 929 677 991; x_wconf 89' lang='lat' dir='ltr'><strong>habere</strong></span> <span class='ocrx_word' id='word_1_62' title='bbox 700 948 795 990; x_wconf 88' lang='lat' dir='ltr'><strong>suum.</strong></span> 
     </span>
    </p>

    <p class='ocr_par' dir='ltr' id='par_1_8' title="bbox 111 1011 817 1159">
     <span class='ocr_line' id='line_1_10' title="bbox 111 1011 817 1096; baseline -0.007 -19"><span class='ocrx_word' id='word_1_63' title='bbox 111 1015 251 1077; x_wconf 82' lang='lat' dir='ltr'><strong>Cernitur</strong></span> <span class='ocrx_word' id='word_1_64' title='bbox 273 1016 408 1075; x_wconf 82' lang='lat' dir='ltr'><strong>Antenor</strong></span> <span class='ocrx_word' id='word_1_65' title='bbox 429 1013 526 1090; x_wconf 88' lang='lat' dir='ltr'><strong>longis</strong></span> <span class='ocrx_word' id='word_1_66' title='bbox 549 1011 723 1096; x_wconf 90' lang='lat' dir='ltr'><strong>ambagibus</strong></span> <span class='ocrx_word' id='word_1_67' title='bbox 744 1031 817 1073; x_wconf 92' lang='lat' dir='ltr'><strong>usus</strong></span> 
     </span>
     <span class='ocr_line' id='line_1_11' title="bbox 154 1097 720 1159; baseline -0.005 0"><span class='ocrx_word' id='word_1_68' title='bbox 154 1100 262 1159; x_wconf 80' lang='lat' dir='ltr'><strong>&#39;l’otum</strong></span> <span class='ocrx_word' id='word_1_69' title='bbox 286 1115 424 1158; x_wconf 85' lang='lat' dir='ltr'><strong>sermone</strong></span> <span class='ocrx_word' id='word_1_70' title='bbox 447 1097 610 1157; x_wconf 83' lang='lat' dir='ltr'><strong>detinuisse</strong></span> <span class='ocrx_word' id='word_1_71' title='bbox 633 1097 720 1157; x_wconf 88' lang='lat' dir='ltr'><strong>diem.</strong></span> 
     </span>
    </p>

    <p class='ocr_par' dir='ltr' id='par_1_9' title="bbox 111 1179 1077 1345">
     <span class='ocr_line' id='line_1_12' title="bbox 111 1179 1077 1260; baseline -0.005 -17"><span class='ocrx_word' id='word_1_72' title='bbox 111 1183 217 1244; x_wconf 86' lang='lat' dir='ltr'><strong>Delicit</strong></span> <span class='ocrx_word' id='word_1_73' title='bbox 239 1181 365 1251; x_wconf 88' lang='lat' dir='ltr'><strong>auditor,</strong></span> <span class='ocrx_word' id='word_1_74' title='bbox 388 1199 448 1240; x_wconf 89' lang='lat' dir='ltr'><strong>non</strong></span> <span class='ocrx_word' id='word_1_75' title='bbox 472 1181 570 1241; x_wconf 86' lang='lat' dir='ltr'><strong>delicit</strong></span> <span class='ocrx_word' id='word_1_76' title='bbox 590 1181 655 1259; x_wconf 91' lang='lat' dir='ltr'><strong>ipse</strong></span> <span class='ocrx_word' id='word_1_77' title='bbox 678 1179 840 1260; x_wconf 88' lang='lat' dir='ltr'><strong>loquendo:</strong></span> <span class='ocrx_word' id='word_1_78' title='bbox 1027 1190 1077 1239; x_wconf 86' lang='grc'><strong>945</strong></span> 
     </span>
     <span class='ocr_line' id='line_1_13' title="bbox 153 1263 809 1345; baseline -0.002 -20"><span class='ocrx_word' id='word_1_79' title='bbox 153 1266 229 1326; x_wconf 90' lang='lat' dir='ltr'><strong>Sunt</strong></span> <span class='ocrx_word' id='word_1_80' title='bbox 251 1265 309 1325; x_wconf 93' lang='lat' dir='ltr'><strong>sibi</strong></span> <span class='ocrx_word' id='word_1_81' title='bbox 332 1267 381 1344; x_wconf 87' lang='lat' dir='ltr'><strong>qui</strong></span> <span class='ocrx_word' id='word_1_82' title='bbox 403 1263 465 1326; x_wconf 89' lang='lat' dir='ltr'><strong>sola</strong></span> <span class='ocrx_word' id='word_1_83' title='bbox 487 1264 661 1343; x_wconf 79' lang='lat' dir='ltr'><strong>garrulitate</strong></span> <span class='ocrx_word' id='word_1_84' title='bbox 682 1263 809 1345; x_wconf 84' lang='lat' dir='ltr'><strong>placent.</strong></span> 
     </span>
    </p>

    <p class='ocr_par' dir='ltr' id='par_1_10' title="bbox 111 1348 834 1515">
     <span class='ocr_line' id='line_1_14' title="bbox 111 1348 834 1429; baseline -0.006 -17"><span class='ocrx_word' id='word_1_85' title='bbox 111 1352 270 1429; x_wconf 90' lang='lat' dir='ltr'><strong>Postquam</strong></span> <span class='ocrx_word' id='word_1_86' title='bbox 289 1352 390 1428; x_wconf 90' lang='lat' dir='ltr'><strong>picosa</strong></span> <span class='ocrx_word' id='word_1_87' title='bbox 413 1348 573 1411; x_wconf 85' lang='lat' dir='ltr'><strong>verborum</strong></span> <span class='ocrx_word' id='word_1_88' title='bbox 597 1351 713 1428; x_wconf 80' lang='lat' dir='ltr'><strong>gurgite</strong></span> <span class='ocrx_word' id='word_1_89' title='bbox 734 1349 834 1427; x_wconf 93' lang='lat' dir='ltr'><strong>lingua</strong></span> 
     </span>
     <span class='ocr_line' id='line_1_15' title="bbox 154 1434 755 1515; baseline -0.002 -20"><span class='ocrx_word' id='word_1_90' title='bbox 154 1434 296 1505; x_wconf 86' lang='lat' dir='ltr'><strong>Ellluitat,</strong></span> <span class='ocrx_word' id='word_1_91' title='bbox 321 1442 416 1503; x_wconf 90' lang='lat' dir='ltr'><strong>totum</strong></span> <span class='ocrx_word' id='word_1_92' title='bbox 439 1435 542 1496; x_wconf 89' lang='lat' dir='ltr'><strong>scibile</strong></span> <span class='ocrx_word' id='word_1_93' title='bbox 563 1437 640 1495; x_wconf 90' lang='lat' dir='ltr'><strong>scire</strong></span> <span class='ocrx_word' id='word_1_94' title='bbox 662 1441 755 1515; x_wconf 87' lang='lat' dir='ltr'><strong>putat.</strong></span> 
     </span>
    </p>

    <p class='ocr_par' dir='ltr' id='par_1_11' title="bbox 111 1518 1078 1682">
     <span class='ocr_line' id='line_1_16' title="bbox 111 1518 872 1599; baseline -0.003 -19"><span class='ocrx_word' id='word_1_95' title='bbox 111 1520 215 1580; x_wconf 88' lang='lat' dir='ltr'><strong>Sermo</strong></span> <span class='ocrx_word' id='word_1_96' title='bbox 239 1518 325 1579; x_wconf 92' lang='lat' dir='ltr'><strong>datur</strong></span> <span class='ocrx_word' id='word_1_97' title='bbox 347 1519 458 1589; x_wconf 89' lang='lat' dir='ltr'><strong>multis,</strong></span> <span class='ocrx_word' id='word_1_98' title='bbox 482 1520 570 1579; x_wconf 92' lang='lat' dir='ltr'><strong>animi</strong></span> <span class='ocrx_word' id='word_1_99' title='bbox 593 1520 872 1599; x_wconf 85' lang='lat' dir='ltr'><strong>sapientiapaucis,</strong></span> 
     </span>
     <span class='ocr_line' id='line_1_17' title="bbox 152 1600 1078 1682; baseline -0.004 -18"><span class='ocrx_word' id='word_1_100' title='bbox 152 1603 257 1664; x_wconf 89' lang='lat' dir='ltr'><strong>Nonne</strong></span> <span class='ocrx_word' id='word_1_101' title='bbox 280 1603 337 1664; x_wconf 90' lang='lat' dir='ltr'><strong>luit</strong></span> <span class='ocrx_word' id='word_1_102' title='bbox 358 1603 477 1663; x_wconf 86' lang='lat' dir='ltr'><strong>brevior</strong></span> <span class='ocrx_word' id='word_1_103' title='bbox 499 1621 586 1682; x_wconf 85' lang='lat' dir='ltr'><strong>quam</strong></span> <span class='ocrx_word' id='word_1_104' title='bbox 610 1620 662 1664; x_wconf 86' lang='lat' dir='ltr'><strong>sua</strong></span> <span class='ocrx_word' id='word_1_105' title='bbox 684 1600 774 1663; x_wconf 88' lang='lat' dir='ltr'><strong>verba</strong></span> <span class='ocrx_word' id='word_1_106' title='bbox 796 1603 878 1663; x_wconf 81' lang='lat' dir='ltr'><strong>dies?</strong></span> <span class='ocrx_word' id='word_1_107' title='bbox 1027 1611 1078 1661; x_wconf 87' lang='grc'><strong>959</strong></span> 
     </span>
    </p>

    <p class='ocr_par' dir='ltr' id='par_1_12' title="bbox 112 1685 923 1767">
     <span class='ocr_line' id='line_1_18' title="bbox 112 1685 923 1767; baseline -0.002 -19"><span class='ocrx_word' id='word_1_108' title='bbox 112 1687 281 1767; x_wconf 75' lang='lat' dir='ltr'><strong>speraram,</strong></span> <span class='ocrx_word' id='word_1_109' title='bbox 305 1687 384 1765; x_wconf 89' lang='lat' dir='ltr'><strong>quod</strong></span> <span class='ocrx_word' id='word_1_110' title='bbox 409 1704 463 1765; x_wconf 90' lang='lat' dir='ltr'><strong>pro</strong></span> <span class='ocrx_word' id='word_1_111' title='bbox 485 1689 582 1766; x_wconf 89' lang='lat' dir='ltr'><strong>patria</strong></span> <span class='ocrx_word' id='word_1_112' title='bbox 605 1685 766 1766; x_wconf 80' lang='lat' dir='ltr'><strong>placitaret</strong></span> <span class='ocrx_word' id='word_1_113' title='bbox 788 1694 817 1745; x_wconf 90' lang='lat' dir='ltr'><strong>et</strong></span> <span class='ocrx_word' id='word_1_114' title='bbox 839 1685 923 1755; x_wconf 86' lang='lat' dir='ltr'><strong>urbo,</strong></span> 
     </span>
    </p>

    <p class='ocr_par' dir='ltr' id='par_1_13' title="bbox 90 1768 825 1849">
     <span class='ocr_line' id='line_1_19' title="bbox 90 1768 825 1849; baseline -0.001 -19"><span class='ocrx_word' id='word_1_115' title='bbox 90 1823 94 1830; x_wconf 88' lang='lat'><em>.</em></span> <span class='ocrx_word' id='word_1_116' title='bbox 153 1775 189 1831; x_wconf 86' lang='lat' dir='ltr'><strong>At</strong></span> <span class='ocrx_word' id='word_1_117' title='bbox 210 1789 279 1849; x_wconf 88' lang='lat' dir='ltr'><strong>spes</strong></span> <span class='ocrx_word' id='word_1_118' title='bbox 302 1777 433 1849; x_wconf 90' lang='lat' dir='ltr'><strong>optatum</strong></span> <span class='ocrx_word' id='word_1_119' title='bbox 457 1786 517 1831; x_wconf 89' lang='lat' dir='ltr'><strong>nou</strong></span> <span class='ocrx_word' id='word_1_120' title='bbox 538 1771 606 1831; x_wconf 88' lang='lat' dir='ltr'><strong>tulit</strong></span> <span class='ocrx_word' id='word_1_121' title='bbox 628 1768 676 1830; x_wconf 90' lang='lat' dir='ltr'><strong>illa</strong></span> <span class='ocrx_word' id='word_1_122' title='bbox 699 1770 825 1830; x_wconf 73' lang='lat' dir='ltr'><strong>lucrum,</strong></span> 
     </span>
    </p>

    <p class='ocr_par' dir='ltr' id='par_1_14' title="bbox 113 1852 816 2009">
     <span class='ocr_line' id='line_1_20' title="bbox 113 1852 760 1935; baseline -0.006 -19"><span class='ocrx_word' id='word_1_123' title='bbox 113 1855 232 1917; x_wconf 81' lang='lat' dir='ltr'><strong>Civibus</strong></span> <span class='ocrx_word' id='word_1_124' title='bbox 255 1853 335 1915; x_wconf 91' lang='lat' dir='ltr'><strong>illius</strong></span> <span class='ocrx_word' id='word_1_125' title='bbox 358 1861 446 1915; x_wconf 89' lang='lat' dir='ltr'><strong>nocet</strong></span> <span class='ocrx_word' id='word_1_126' title='bbox 468 1852 614 1935; x_wconf 84' lang='lat' dir='ltr'><strong>allegatio,</strong></span> <span class='ocrx_word' id='word_1_127' title='bbox 637 1854 760 1933; x_wconf 86' lang='lat' dir='ltr'><strong>prodest</strong></span> 
     </span>
     <span class='ocr_line' id='line_1_21' title="bbox 153 1937 816 2009; baseline -0.003 -10"><span class='ocrx_word' id='word_1_128' title='bbox 153 1937 311 2009; x_wconf 89' lang='lat' dir='ltr'><strong>Hostibus;</strong></span> <span class='ocrx_word' id='word_1_129' title='bbox 335 1947 381 1999; x_wconf 90' lang='lat' dir='ltr'><strong>est</strong></span> <span class='ocrx_word' id='word_1_130' title='bbox 402 1955 494 1999; x_wconf 87' lang='lat' dir='ltr'><strong>unum</strong></span> <span class='ocrx_word' id='word_1_131' title='bbox 518 1939 590 1999; x_wconf 88' lang='lat' dir='ltr'><strong>civis</strong></span> <span class='ocrx_word' id='word_1_132' title='bbox 613 1947 642 1998; x_wconf 89' lang='lat' dir='ltr'><strong>et</strong></span> <span class='ocrx_word' id='word_1_133' title='bbox 663 1938 758 1999; x_wconf 88' lang='lat' dir='ltr'><strong>hostis</strong></span> <span class='ocrx_word' id='word_1_134' title='bbox 780 1939 816 1997; x_wconf 88' lang='lat' dir='ltr'><strong>ei.</strong></span> 
     </span>
    </p>

    <p class='ocr_par' dir='ltr' id='par_1_15' title="bbox 112 2022 1077 2187">
     <span class='ocr_line' id='line_1_22' title="bbox 112 2022 1077 2102; baseline -0.002 -18"><span class='ocrx_word' id='word_1_135' title='bbox 112 2023 150 2084; x_wconf 92' lang='lat' dir='ltr'><strong>Ut</strong></span> <span class='ocrx_word' id='word_1_136' title='bbox 171 2022 281 2102; x_wconf 87' lang='lat' dir='ltr'><strong>probra</strong></span> <span class='ocrx_word' id='word_1_137' title='bbox 303 2040 464 2102; x_wconf 87' lang='lat' dir='ltr'><strong>pensemus</strong></span> <span class='ocrx_word' id='word_1_138' title='bbox 487 2023 595 2085; x_wconf 87' lang='lat' dir='ltr'><strong>Danais</strong></span> <span class='ocrx_word' id='word_1_139' title='bbox 618 2029 648 2085; x_wconf 90' lang='lat' dir='ltr'><strong>et</strong></span> <span class='ocrx_word' id='word_1_140' title='bbox 669 2022 775 2084; x_wconf 89' lang='lat' dir='ltr'><strong>damna</strong></span> <span class='ocrx_word' id='word_1_141' title='bbox 798 2023 924 2094; x_wconf 90' lang='lat' dir='ltr'><strong>luamus,</strong></span> <span class='ocrx_word' id='word_1_142' title='bbox 1027 2034 1077 2082; x_wconf 87' lang='grc'><strong>955</strong></span> 
     </span>
     <span class='ocr_line' id='line_1_23' title="bbox 153 2106 947 2187; baseline 0.003 -19"><span class='ocrx_word' id='word_1_143' title='bbox 153 2108 307 2169; x_wconf 87' lang='lat' dir='ltr'><strong>Praedicat</strong></span> <span class='ocrx_word' id='word_1_144' title='bbox 330 2115 359 2167; x_wconf 92' lang='lat' dir='ltr'><strong>et</strong></span> <span class='ocrx_word' id='word_1_145' title='bbox 380 2109 532 2187; x_wconf 91' lang='lat' dir='ltr'><strong>populum,</strong></span> <span class='ocrx_word' id='word_1_146' title='bbox 556 2109 607 2187; x_wconf 91' lang='lat' dir='ltr'><strong>qui</strong></span> <span class='ocrx_word' id='word_1_147' title='bbox 630 2106 689 2169; x_wconf 91' lang='lat' dir='ltr'><strong>sibi</strong></span> <span class='ocrx_word' id='word_1_148' title='bbox 712 2107 824 2179; x_wconf 88' lang='lat' dir='ltr'><strong>credat,</strong></span> <span class='ocrx_word' id='word_1_149' title='bbox 847 2107 947 2170; x_wconf 87' lang='lat' dir='ltr'><strong>habet.</strong></span> 
     </span>
    </p>

    <p class='ocr_par' dir='ltr' id='par_1_16' title="bbox 112 2191 880 2359">
     <span class='ocr_line' id='line_1_24' title="bbox 112 2191 810 2268; baseline 0.004 -18"><span class='ocrx_word' id='word_1_150' title='bbox 112 2191 149 2252; x_wconf 84' lang='lat' dir='ltr'><strong>Et</strong></span> <span class='ocrx_word' id='word_1_151' title='bbox 170 2191 253 2268; x_wconf 87' lang='lat' dir='ltr'><strong>plebs</strong></span> <span class='ocrx_word' id='word_1_152' title='bbox 274 2191 353 2253; x_wconf 91' lang='lat' dir='ltr'><strong>illius</strong></span> <span class='ocrx_word' id='word_1_153' title='bbox 376 2193 464 2254; x_wconf 90' lang='lat' dir='ltr'><strong>dictis</strong></span> <span class='ocrx_word' id='word_1_154' title='bbox 487 2193 634 2253; x_wconf 88' lang='lat' dir='ltr'><strong>consentit</strong></span> <span class='ocrx_word' id='word_1_155' title='bbox 655 2201 686 2253; x_wconf 88' lang='lat' dir='ltr'><strong>et</strong></span> <span class='ocrx_word' id='word_1_156' title='bbox 707 2199 810 2253; x_wconf 90' lang='lat' dir='ltr'><strong>errant</strong></span> 
     </span>
     <span class='ocr_line' id='line_1_25' title="bbox 153 2273 880 2359; baseline -0.001 -23"><span class='ocrx_word' id='word_1_157' title='bbox 153 2275 356 2356; x_wconf 85' lang='lat' dir='ltr'><strong>Erroremque</strong></span> <span class='ocrx_word' id='word_1_158' title='bbox 379 2295 476 2346; x_wconf 85' lang='lat' dir='ltr'><strong>suum,</strong></span> <span class='ocrx_word' id='word_1_159' title='bbox 501 2294 560 2354; x_wconf 90' lang='lat' dir='ltr'><strong>quo</strong></span> <span class='ocrx_word' id='word_1_160' title='bbox 581 2283 731 2346; x_wconf 83' lang='lat' dir='ltr'><strong>tueantur,</strong></span> <span class='ocrx_word' id='word_1_161' title='bbox 755 2273 880 2359; x_wconf 72' lang='lat' dir='ltr'><strong>habent:</strong></span> 
     </span>
    </p>

    <p class='ocr_par' dir='ltr' id='par_1_17' title="bbox 112 2358 1078 2520">
     <span class='ocr_line' id='line_1_26' title="bbox 112 2358 1011 2438; baseline -0.002 -17"><span class='ocrx_word' id='word_1_162' title='bbox 112 2361 287 2422; x_wconf 81' lang='lat' dir='ltr'><strong>Consumtas</strong></span> <span class='ocrx_word' id='word_1_163' title='bbox 309 2359 503 2438; x_wconf 87' lang='lat' dir='ltr'><strong>querelantur</strong></span> <span class='ocrx_word' id='word_1_164' title='bbox 526 2376 606 2437; x_wconf 90' lang='lat' dir='ltr'><strong>opes,</strong></span> <span class='ocrx_word' id='word_1_165' title='bbox 630 2358 833 2438; x_wconf 84' lang='lat' dir='ltr'><strong>populumque</strong></span> <span class='ocrx_word' id='word_1_166' title='bbox 855 2360 1011 2427; x_wconf 87' lang='lat' dir='ltr'><strong>minutum,</strong></span> 
     </span>
     <span class='ocr_line' id='line_1_27' title="bbox 154 2442 1078 2520; baseline -0.001 -16"><span class='ocrx_word' id='word_1_167' title='bbox 154 2443 281 2505; x_wconf 83' lang='lat' dir='ltr'><strong>Brachia</strong></span> <span class='ocrx_word' id='word_1_168' title='bbox 304 2442 391 2513; x_wconf 79' lang='lat' dir='ltr'><strong>fessa,</strong></span> <span class='ocrx_word' id='word_1_169' title='bbox 415 2445 460 2503; x_wconf 84' lang='lat' dir='ltr'><strong>rei</strong></span> <span class='ocrx_word' id='word_1_170' title='bbox 481 2442 588 2512; x_wconf 87' lang='lat' dir='ltr'><strong>taedia,</strong></span> <span class='ocrx_word' id='word_1_171' title='bbox 611 2449 700 2520; x_wconf 89' lang='lat' dir='ltr'><strong>teque</strong></span> <span class='ocrx_word' id='word_1_172' title='bbox 722 2459 835 2503; x_wconf 87' lang='lat' dir='ltr'><strong>senem.</strong></span> <span class='ocrx_word' id='word_1_173' title='bbox 1027 2451 1078 2503; x_wconf 81' lang='grc'><strong>969</strong></span> 
     </span>
    </p>

    <p class='ocr_par' dir='ltr' id='par_1_18' title="bbox 111 2525 861 2691">
     <span class='ocr_line' id='line_1_28' title="bbox 111 2525 847 2604; baseline -0.001 -16"><span class='ocrx_word' id='word_1_174' title='bbox 111 2527 177 2588; x_wconf 91' lang='lat' dir='ltr'><strong>Non</strong></span> <span class='ocrx_word' id='word_1_175' title='bbox 200 2534 245 2587; x_wconf 86' lang='lat' dir='ltr'><strong>est</strong></span> <span class='ocrx_word' id='word_1_176' title='bbox 266 2526 375 2602; x_wconf 87' lang='lat' dir='ltr'><strong>regalis</strong></span> <span class='ocrx_word' id='word_1_177' title='bbox 398 2527 539 2587; x_wconf 83' lang='lat' dir='ltr'><strong>exhausta</strong></span> <span class='ocrx_word' id='word_1_178' title='bbox 562 2525 702 2603; x_wconf 86' lang='lat' dir='ltr'><strong>potentia,</strong></span> <span class='ocrx_word' id='word_1_179' title='bbox 726 2525 847 2604; x_wconf 90' lang='lat' dir='ltr'><strong>grandis</strong></span> 
     </span>
     <span class='ocr_line' id='line_1_29' title="bbox 153 2609 861 2691; baseline 0.006 -20"><span class='ocrx_word' id='word_1_180' title='bbox 153 2611 257 2671; x_wconf 88' lang='lat' dir='ltr'><strong>Restat</strong></span> <span class='ocrx_word' id='word_1_181' title='bbox 278 2609 375 2671; x_wconf 86' lang='lat' dir='ltr'><strong>adhuc</strong></span> <span class='ocrx_word' id='word_1_182' title='bbox 397 2609 527 2691; x_wconf 87' lang='lat' dir='ltr'><strong>populis,</strong></span> <span class='ocrx_word' id='word_1_183' title='bbox 548 2612 725 2672; x_wconf 89' lang='lat' dir='ltr'><strong>strenuitate</strong></span> <span class='ocrx_word' id='word_1_184' title='bbox 747 2616 861 2689; x_wconf 88' lang='lat' dir='ltr'><strong>potans.</strong></span> 
     </span>
    </p>

    <p class='ocr_par' dir='ltr' id='par_1_19' title="bbox 112 2694 831 2843">
     <span class='ocr_line' id='line_1_30' title="bbox 112 2694 831 2774; baseline -0.001 -18"><span class='ocrx_word' id='word_1_185' title='bbox 112 2695 191 2767; x_wconf 84' lang='lat' dir='ltr'><strong>Quid</strong></span> <span class='ocrx_word' id='word_1_186' title='bbox 213 2694 315 2764; x_wconf 77' lang='lat' dir='ltr'><strong>relect,</strong></span> <span class='ocrx_word' id='word_1_187' title='bbox 339 2698 365 2757; x_wconf 90' lang='lat' dir='ltr'><strong>si</strong></span> <span class='ocrx_word' id='word_1_188' title='bbox 388 2695 552 2774; x_wconf 82' lang='lat' dir='ltr'><strong>degeneres</strong></span> <span class='ocrx_word' id='word_1_189' title='bbox 574 2697 604 2756; x_wconf 91' lang='lat' dir='ltr'><strong>in</strong></span> <span class='ocrx_word' id='word_1_190' title='bbox 627 2694 724 2756; x_wconf 85' lang='lat' dir='ltr'><strong>taedia</strong></span> <span class='ocrx_word' id='word_1_191' title='bbox 747 2695 831 2756; x_wconf 88' lang='lat' dir='ltr'><strong>vertit</strong></span> 
     </span>
     <span class='ocr_line' id='line_1_31' title="bbox 153 2777 753 2843; baseline 0.002 -3"><span class='ocrx_word' id='word_1_192' title='bbox 153 2777 228 2840; x_wconf 89' lang='lat' dir='ltr'><strong>Belli</strong></span> <span class='ocrx_word' id='word_1_193' title='bbox 250 2797 315 2840; x_wconf 91' lang='lat' dir='ltr'><strong>sors</strong></span> <span class='ocrx_word' id='word_1_194' title='bbox 338 2783 424 2841; x_wconf 87' lang='lat' dir='ltr'><strong>anuis</strong></span> <span class='ocrx_word' id='word_1_195' title='bbox 446 2783 617 2843; x_wconf 88' lang='lat' dir='ltr'><strong>continuata</strong></span> <span class='ocrx_word' id='word_1_196' title='bbox 639 2780 753 2841; x_wconf 88' lang='lat' dir='ltr'><strong>decem.</strong></span> 
     </span>
    </p>
   </div>
   <div class='ocr_carea' id='block_1_4' title="bbox 107 3045 1075 3179">
    <p class='ocr_par' dir='ltr' id='par_1_20' title="bbox 107 3045 1075 3179">
     <span class='ocr_line' id='line_1_32' title="bbox 178 3045 1075 3116; baseline 0.003 -18"><span class='ocrx_word' id='word_1_197' title='bbox 178 3050 236 3103; x_wconf 82' lang='grc'><strong>937.</strong></span> <span class='ocrx_word' id='word_1_198' title='bbox 254 3047 351 3103; x_wconf 82' lang='lat' dir='ltr'><strong>Nevel.</strong></span> <span class='ocrx_word' id='word_1_199' title='bbox 369 3048 456 3100; x_wconf 83' lang='lat' dir='ltr'><strong>Anon.</strong></span> <span class='ocrx_word' id='word_1_200' title='bbox 477 3064 503 3114; x_wconf 82' lang='lat' dir='ltr'><strong>p.</strong></span> <span class='ocrx_word' id='word_1_201' title='bbox 520 3051 571 3100; x_wconf 81' lang='lat' dir='ltr'><strong>clo</strong></span> <span class='ocrx_word' id='word_1_202' title='bbox 587 3049 635 3104; x_wconf 86' lang='lat' dir='ltr'><strong>lin.</strong></span> <span class='ocrx_word' id='word_1_203' title='bbox 656 3051 677 3098; x_wconf 90' lang='lat' dir='ltr'><strong>l.</strong></span> <span class='ocrx_word' id='word_1_204' title='bbox 752 3050 811 3100; x_wconf 80' lang='grc'><strong>945.</strong></span> <span class='ocrx_word' id='word_1_205' title='bbox 828 3049 871 3101; x_wconf 78' lang='grc'><strong>46.</strong></span> <span class='ocrx_word' id='word_1_206' title='bbox 891 3045 1075 3116; x_wconf 77' lang='lat' dir='ltr'><strong>(Maximino.)</strong></span> 
     </span>
     <span class='ocr_line' id='line_1_33' title="bbox 107 3114 1075 3179; baseline 0.005 -14"><span class='ocrx_word' id='word_1_207' title='bbox 107 3114 130 3179; x_wconf 89' lang='lat'><strong>1,</strong></span> <span class='ocrx_word' id='word_1_208' title='bbox 149 3117 206 3169; x_wconf 80' lang='lat'>203.</span> <span class='ocrx_word' id='word_1_209' title='bbox 216 3117 242 3178; x_wconf 87' lang='lat'><strong>4,</strong></span> <span class='ocrx_word' id='word_1_210' title='bbox 254 3115 405 3165; x_wconf 83' lang='lat' dir='ltr'><strong>secundum</strong></span> <span class='ocrx_word' id='word_1_211' title='bbox 417 3130 526 3166; x_wconf 84' lang='lat' dir='ltr'><strong>versum</strong></span> <span class='ocrx_word' id='word_1_212' title='bbox 540 3123 634 3167; x_wconf 81' lang='lat' dir='ltr'><strong>tomen</strong></span> <span class='ocrx_word' id='word_1_213' title='bbox 646 3117 758 3166; x_wconf 85' lang='lat' dir='ltr'><strong>Maxim.</strong></span> <span class='ocrx_word' id='word_1_214' title='bbox 771 3119 865 3168; x_wconf 76' lang='lat' dir='ltr'><strong>noster</strong></span> <span class='ocrx_word' id='word_1_215' title='bbox 879 3117 1006 3169; x_wconf 77' lang='lat' dir='ltr'><strong>imitatus</strong></span> <span class='ocrx_word' id='word_1_216' title='bbox 1019 3123 1075 3170; x_wconf 81' lang='lat' dir='ltr'><strong>eat:</strong></span> 
     </span>
    </p>
   </div>
   <div class='ocr_carea' id='block_1_5' title="bbox 176 3201 894 3448">
    <p class='ocr_par' dir='ltr' id='par_1_21' title="bbox 176 3201 894 3448">
     <span class='ocr_line' id='line_1_34' title="bbox 340 3201 836 3274; baseline 0.008 -16"><span class='ocrx_word' id='word_1_217' title='bbox 340 3207 364 3258; x_wconf 93' lang='lat'>0</span> <span class='ocrx_word' id='word_1_218' title='bbox 383 3206 443 3258; x_wconf 78' lang='lat' dir='ltr'><strong>sola.</strong></span> <span class='ocrx_word' id='word_1_219' title='bbox 460 3201 729 3274; x_wconf 79' lang='lat' dir='ltr'><strong>fortes&#39;gurrulitate</strong></span> <span class='ocrx_word' id='word_1_220' title='bbox 748 3224 836 3262; x_wconf 80' lang='lat' dir='ltr'><strong>senec.</strong></span> 
     </span>
     <span class='ocr_line' id='line_1_35' title="bbox 178 3299 894 3366; baseline 0.004 -16"><span class='ocrx_word' id='word_1_221' title='bbox 178 3302 237 3353; x_wconf 83' lang='lat'>949.</span> <span class='ocrx_word' id='word_1_222' title='bbox 256 3299 354 3351; x_wconf 80' lang='lat' dir='ltr'><strong>Coton.</strong></span> <span class='ocrx_word' id='word_1_223' title='bbox 374 3299 536 3364; x_wconf 74' lang='lat' dir='ltr'><strong>dist.1‚1o.</strong></span> <span class='ocrx_word' id='word_1_224' title='bbox 556 3315 576 3351; x_wconf 92' lang='grc'><strong>5.</strong></span> <span class='ocrx_word' id='word_1_225' title='bbox 598 3300 625 3353; x_wconf 92' lang='lat' dir='ltr'><strong>d.</strong></span> <span class='ocrx_word' id='word_1_226' title='bbox 644 3302 764 3364; x_wconf 82' lang='lat' dir='ltr'><strong>cunetis,</strong></span> <span class='ocrx_word' id='word_1_227' title='bbox 785 3318 809 3357; x_wconf 85' lang='lat' dir='ltr'><strong>a.</strong></span> <span class='ocrx_word' id='word_1_228' title='bbox 829 3318 850 3352; x_wconf 86' lang='grc'><strong>5.</strong></span> <span class='ocrx_word' id='word_1_229' title='bbox 868 3319 894 3366; x_wconf 89' lang='lat' dir='ltr'><strong>p.</strong></span> 
     </span>
     <span class='ocr_line' id='line_1_36' title="bbox 176 3382 518 3448; baseline -0.003 -14"><span class='ocrx_word' id='word_1_230' title='bbox 176 3385 235 3438; x_wconf 79' lang='grc'><strong>958.</strong></span> <span class='ocrx_word' id='word_1_231' title='bbox 253 3382 333 3437; x_wconf 84' lang='lat' dir='ltr'><strong>ovid.</strong></span> <span class='ocrx_word' id='word_1_232' title='bbox 350 3385 428 3437; x_wconf 85' lang='lat' dir='ltr'><strong>Faat.</strong></span> <span class='ocrx_word' id='word_1_233' title='bbox 446 3384 468 3448; x_wconf 87' lang='grc' dir='ltr'><strong>Ι,</strong></span> <span class='ocrx_word' id='word_1_234' title='bbox 485 3385 518 3434; x_wconf 77' lang='lat'><strong>32</strong></span> 
     </span>
    </p>
   </div>
   <div class='ocr_carea' id='block_1_6' title="bbox 284 3469 907 3602">
    <p class='ocr_par' dir='ltr' id='par_1_22' title="bbox 284 3469 907 3602">
     <span class='ocr_line' id='line_1_37' title="bbox 284 3469 907 3537; baseline 0.002 -19"><span class='ocrx_word' id='word_1_235' title='bbox 284 3469 466 3534; x_wconf 84' lang='lat' dir='ltr'><strong>Erroremque</strong></span> <span class='ocrx_word' id='word_1_236' title='bbox 484 3482 571 3533; x_wconf 80' lang='lat' dir='ltr'><strong>suum,</strong></span> <span class='ocrx_word' id='word_1_237' title='bbox 592 3483 645 3534; x_wconf 90' lang='lat' dir='ltr'><strong>quo</strong></span> <span class='ocrx_word' id='word_1_238' title='bbox 663 3474 789 3537; x_wconf 70' lang='lat' dir='ltr'><strong>tueatur,</strong></span> <span class='ocrx_word' id='word_1_239' title='bbox 800 3470 907 3520; x_wconf 58' lang='lat' dir='ltr'><strong>lineet.</strong></span> 
     </span>
     <span class='ocr_line' id='line_1_38' title="bbox 838 3549 897 3602; baseline -0.034 0"><span class='ocrx_word' id='word_1_240' title='bbox 838 3549 897 3602; x_wconf 65' lang='lat' dir='ltr'><strong>it*</strong></span> 
     </span>
    </p>
   </div>
   <div class='ocr_carea' id='block_1_7' title="bbox 0 0 1199 3810">
    <p class='ocr_par' dir='ltr' id='par_1_23' title="bbox 0 0 1199 3810">
     <span class='ocr_line' id='line_1_39' title="bbox 0 0 1199 3810; baseline 0 0"><span class='ocrx_word' id='word_1_241' title='bbox 0 0 1199 3810; x_wconf 95' lang='lat' dir='ltr'><strong> </strong></span> 
     </span>
    </p>
   </div>
  </div>
 </body>
</html>
