2378 3810
156 167 195 231 18
463 169 525 223 Lib.
544 167 566 221 1.
601 183 626 223 v,
645 170 789 220 224-256.

198 320 311 382 Debeat
333 328 365 380 ut
387 320 438 380 tali
459 321 544 398 virgo
567 320 674 381 decora
698 321 776 390 dari;

154 407 243 467 Facta
267 405 384 483 quidem
407 404 489 465 vobis
512 423 571 465 nou
596 415 641 466 est
663 406 781 474 iniuria,
805 407 937 484 primum
1072 417 1126 468 225

196 489 311 550 Prodiit
332 508 348 549 a
370 497 469 549 vestro
492 488 693 550 Laomedonte
714 489 822 550 scelus.

154 574 295 635 Venimus
317 577 348 633 in
371 591 454 652 pace,
478 573 588 653 repulit
608 591 664 634 nos
687 573 868 634 dedecorosa

196 659 320 719 Nostros
342 657 502 719 intendens
525 660 676 735 exagitare
699 659 777 735 tuga.

155 743 233 804 Siste
255 742 395 820 gradum;
420 759 480 801 non
504 750 555 810 est,
579 743 659 821 quod
681 742 743 802 fers
766 743 794 801 in
819 748 950 818 pectore,
974 753 1112 821 gratum3

196 828 355 906 Propositi,
378 826 507 895 rediens,
531 826 674 886 contrahe
696 825 759 885 vela
783 827 838 887 tui.
1070 838 1126 888 230

153 912 201 973 Nil
225 912 349 972 credens
372 919 479 978 actum,
503 918 563 970 tum
586 910 659 990 quid
683 918 853 987 superesset
875 911 1024 989 agendum

196 999 327 1056 Antenor
351 994 449 1055 differt
472 995 620 1056 velificare
643 994 775 1055 domum.

153 1081 288 1142 Nestoris
311 1079 482 1159 aggreditur
504 1079 686 1150 habitacuia;
710 1080 847 1148 nuncius,
872 1081 976 1159 inquit,

197 1167 239 1226 dd
262 1173 377 1226 vestros
400 1166 467 1224 veni
489 1163 663 1225 velificando
685 1165 772 1224 lares.

155 1248 310 1328 Supplicat
331 1248 497 1327 Hesyonem
520 1266 574 1309 rex
597 1248 691 1316 reddi,
716 1247 821 1309 damna
846 1247 971 1309 tacendo
1001 1315 1004 1320 ,
1069 1258 1123 1308 235

197 1333 266 1392 Vult
289 1334 421 1411 reprimi,
445 1332 541 1410 pudor
563 1340 608 1393 est
630 1332 775 1392 ulteriora
797 1330 888 1410 ioqui.

154 1419 216 1478 Hac
239 1421 302 1477 vice
326 1417 362 1477 de
386 1416 506 1494 praeda,
530 1416 567 1475 de
590 1418 669 1493 regis
693 1427 788 1476 morte
810 1425 952 1486 tacemus,

198 1503 248 1562 Est
270 1519 359 1579 grave
382 1501 460 1577 quod
484 1499 581 1560 doleat
602 1518 836 1560 commemorare
858 1500 916 1562 diu.

155 1586 267 1654 Omnia,
292 1604 347 1645 rex
369 1586 447 1657 dicit,
472 1603 546 1662 quae
570 1593 638 1645 sunt
659 1583 738 1646 iliata
761 1584 907 1664 probrose

197 1672 228 1731 Si
250 1670 340 1729 iuerit
360 1672 443 1747 virgo
466 1668 590 1738 reddita,
614 1671 695 1749 pacis
718 1678 815 1730 erunt.
1069 1679 1123 1729 240

153 1756 211 1817 Ha!
235 1756 324 1815 nimis
346 1762 401 1824 est,
425 1753 514 1832 quod,
538 1757 641 1823 amice,
665 1755 756 1832 petis!
780 1750 962 1815 moderatius
984 1751 1070 1834 opta23

197 1840 240 1901 Sit
264 1838 369 1900 domus
391 1838 544 1919 Hesyouae
568 1840 683 1909 Grecia,
708 1839 815 1899 Nestor
838 1840 887 1899 ait.

155 1926 208 1985 Dic
231 1930 329 1984 tamen
352 1927 478 1992 interea,
502 1941 593 2001 quum
616 1932 646 1983 te
667 1923 773 1983 fiducia
796 1923 906 1983 nostris

197 2008 353 2086 Appuierit
374 2005 495 2075 laribus,
519 2007 633 2086 pacifici
657 2026 695 2067 ne
718 2008 838 2068 sumusi

157 2092 304 2154 Ulteriora
327 2090 407 2168 loqui
429 2089 526 2168 pudor
550 2091 680 2159 esttibi,
705 2092 753 2152 dic
776 2109 838 2169 age,
862 2109 969 2169 magno
1070 2102 1121 2152 245

197 2176 316 2252 Absque
340 2172 453 2235 rubore
476 2171 556 2255 loqui
578 2193 658 2236 nunc
680 2177 757 2236 mala
780 2186 880 2237 nostra
903 2195 992 2256 queo.

154 2260 269 2327 Nescis,
294 2277 370 2337 quae
392 2259 484 2319 suerit
505 2258 584 2320 illata
607 2259 754 2321 calumnia
776 2259 897 2322 Graecis

197 2341 263 2405 Iam
287 2352 351 2404 tum
373 2344 503 2422 pacificis
525 2345 557 2403 in
580 2343 739 2404 Simoentis
762 2347 863 2424 aquisi

154 2429 305 2505 Numquid
329 2447 360 2488 es
381 2426 492 2488 oblitus
514 2427 593 2506 quod
617 2429 760 2490 Graecam
782 2447 836 2489 rex
857 2437 926 2491 tuus
949 2429 1019 2492 olim

199 2514 240 2573 Ex
265 2511 390 2591 Phrygia
412 2511 498 2591 jussit
520 2513 603 2573 ocius
625 2509 671 2572 ire
694 2515 806 2574 ratem?
912 2564 917 2569 .
1069 2524 1123 2575 250

154 2596 271 2659 Excidit
293 2613 328 2655 ex
353 2598 451 2657 animo
473 2596 536 2665 tibi,
561 2597 709 2675 quomodo
732 2605 789 2657 tam
813 2597 911 2659 subito
933 2617 988 2658 nos

198 2680 336 2742 Cedendo
360 2680 509 2756 quondam
531 2683 707 2741 sustinuisse
729 2682 846 2758 sugam?

155 2766 258 2833 Cedas,
282 2783 321 2824 ne
343 2773 473 2825 nostram
499 2774 547 2825 tua
570 2765 706 2825 mordeat
727 2784 838 2826 ancora
859 2774 970 2827 terram
1072 2812 1082 2835 .

197 2850 317 2919 Ferrea,
342 2867 391 2909 res
414 2848 557 2928 Phrygias
580 2849 692 2910 Graeca
714 2851 826 2911 refutat
847 2852 963 2911 humus.

155 2936 218 2996 Rex
240 2943 309 2996 tuus
330 2941 375 2994 est
390 2934 535 3001 Priamus,
559 2932 667 3009 gaudet
681 2951 801 3011 quoque
817 2937 940 2997 Graecia
955 2953 1036 3012 rege,
1070 2944 1122 2994 255

198 3023 240 3080 dn
264 3019 361 3079 nescis
383 3017 487 3094 longas
508 3017 631 3094 regibus
654 3036 719 3078 esse
741 3021 867 3080 manus?

223 3251 487 3304 mememorato.
557 3254 615 3302 241.
636 3254 687 3304 Ov.
707 3270 730 3303 e.
748 3255 827 3307 Pont.
847 3254 870 3317 Ι,
888 3256 913 3317 8,
934 3256 975 3305 71.

206 3322 247 3370 Ah
265 3320 377 3368 nimium
397 3324 449 3382 est,
468 3318 549 3383 quod,
570 3320 664 3383 amice,
683 3322 771 3386 petis!
789 3321 961 3373 moderatius
979 3327 1059 3388 opta:

154 3392 212 3442 254.
235 3389 302 3440 Mac.
321 3387 423 3451 repetit
441 3386 575 3452 anchora,
601 3389 660 3438 sine
679 3403 775 3449 sensu,
799 3404 848 3453 pro
867 3404 921 3455 qua
939 3391 1119 3456 scripsimus=

152 3458 255 3511 ferrea.
326 3454 385 3506 256.
404 3453 498 3505 Ovidii
517 3462 560 3507 est
577 3456 691 3508 Heroid.
709 3456 797 3519 XVII,
816 3458 873 3509 166.
