2378 3810
106 146 168 210 132
437 148 500 201 Lib.
519 148 550 197 v.
584 163 610 198 v.
628 150 736 202 20-45.

146 298 209 360 lllic
233 301 311 360 Mars
333 299 440 360 dubius
463 297 576 367 militet,
601 299 709 379 hicque
730 301 841 361 Venus,
1041 316 1078 362 20

107 383 243 462 Pingitur
265 386 295 444 in
318 382 392 444 solio
416 383 510 444 Ninus
531 402 583 443 rex
607 386 797 462 Assyriorum

149 468 311 528 lutendons
333 475 428 528 totum
452 468 545 528 llarte
568 467 690 528 domare
712 467 822 539 solum;

108 552 232 613 Romam
256 569 354 631 progna
377 553 452 630 petit
474 550 527 611 bic
546 570 639 613 annos
662 551 743 612 mille
766 560 926 622 trecentos,

147 636 229 706 Quae
253 639 381 712 spatium
405 636 504 712 posuit
525 635 607 697 urbis
631 645 660 697 ot
683 635 766 697 orbis
787 638 877 698 idem.

109 721 196 790 Vicit,
220 738 310 800 quem
333 722 430 780 tenuit
451 719 639 780 Zoroastrem
663 720 780 781 Bactria
804 739 917 800 regem,
1041 734 1076 782 25

148 804 205 874 Qui
227 807 342 882 magica
365 806 480 883 primus
503 804 607 865 doctor
629 808 659 864 in
683 813 747 866 arte
770 804 832 867 luit.

106 889 162 948 llic
183 888 309 959 rubeum
334 889 433 949 videas
455 905 537 949 mare
560 888 694 959 rubrum,
717 890 818 950 littora
841 889 927 970 cujus

147 973 330 1050 Expugnans
353 973 447 1033 Ninus
469 980 583 1051 pugnat
606 973 642 1033 ad
666 991 760 1053 usque
783 973 922 1052 Scythas:

106 1058 216 1118 Gentes
239 1060 412 1117 innumeras
434 1064 599 1135 superatas,
624 1056 702 1117 bunc
724 1067 925 1137 superantem,

149 1141 320 1202 Destruotas
342 1139 444 1210 urbes,
467 1141 565 1200 diruta
589 1149 685 1202 castra
709 1142 799 1202 vides.
1042 1153 1078 1202 30

104 1225 142 1286 Et
164 1225 285 1306 tandem
309 1233 480 1303 praesentat
502 1244 569 1284 eum
593 1227 707 1286 cortina
731 1228 836 1303 sagitta

148 1309 332 1389 l'rejectum,
356 1313 490 1370 moriens
512 1311 656 1386 sanguine
677 1310 772 1387 pingit
795 1310 929 1371 humum.

106 1393 282 1455 Semiramis
305 1393 440 1454 succedit
463 1395 501 1462 ei,
525 1396 690 1470 reginaque
713 1393 827 1453 celsum

147 1477 203 1538 Hic
225 1475 307 1538 subit
329 1479 482 1538 aurivomo
506 1477 585 1554 picta
608 1478 709 1536 colore
733 1478 884 1542 thronum.

28 1614 33 1621 .
107 1560 197 1640 Cujus
219 1569 252 1622 ut
272 1561 346 1620 baec
368 1578 494 1640 regnum
517 1563 559 1620 sic
582 1564 688 1621 sumsit
711 1569 741 1621 et
765 1563 855 1622 effera
879 1561 991 1622 bellum
1044 1574 1078 1621 35

149 1646 240 1706 lmmo
263 1664 369 1706 manus
392 1647 482 1707 ermis
505 1643 609 1705 extulit
631 1644 679 1706 illa
703 1647 805 1724 magis,

107 1730 196 1791 lndos
217 1731 333 1798 invasit,
357 1730 479 1798 domuit,
504 1731 616 1789 serviro
639 1731 751 1807 coegit;

147 1816 206 1875 Res
227 1833 262 1874 ea
285 1816 401 1875 diverso
424 1816 504 1892 picta
528 1813 627 1874 colore
649 1814 720 1875 luit.

111 1899 302 1960 Praeteream
327 1898 404 1977 quod
427 1907 634 1977 praeteream
658 1915 717 1957 nori
743 1898 851 1958 indidit
872 1896 954 1958 ludis

150 1984 183 2044 ln
207 1991 269 2044 toto
293 1982 403 2044 mundo
426 1982 502 2042 bella
526 1999 581 2043 nec
605 2000 681 2042 rinus
702 1982 803 2043 bomo.
1045 1993 1080 2041 40

109 2068 233 2145 Magnus
255 2066 424 2127 Alexander
446 2068 538 2126 totius
560 2064 685 2126 mallens
708 2065 788 2126 orbis

153 2150 242 2211 Solus
266 2159 295 2210 et
317 2150 391 2210 baec
412 2150 520 2210 mulier
539 2149 621 2209 hunc
644 2150 787 2211 domuere
809 2150 918 2210 locum.

112 2234 192 2296 Bella
216 2241 332 2314 patent,
355 2233 407 2295 sed
430 2241 527 2294 scorta
551 2234 654 2304 latent,
678 2251 748 2311 pers
769 2235 896 2294 maxima
919 2251 1020 2293 rerum

151 2319 299 2388 Oileudet,
322 2320 347 2379 si
371 2335 428 2379 non
451 2319 593 2380 interiora
616 2328 711 2395 tegas.

108 2405 166 2468 Sed
189 2404 344 2464 Treverim
368 2405 484 2482 pictura
507 2404 594 2472 levat,
619 2420 706 2480 quam
729 2400 857 2463 Trebata
881 2400 986 2462 fundat
1045 2411 1080 2460 45

174 2624 207 2672 23
226 2637 266 2685 sq.
290 2622 420 2671 Narratio
439 2621 582 2671 invenitur
600 2620 673 2686 apud
692 2620 770 2672 Oros.
789 2619 886 2670 histor.
905 2620 928 2681 Ι,
950 2621 974 2681 2,
994 2634 1076 2684 quem

108 2693 203 2739 noster
226 2704 281 2738 non
299 2689 381 2753 plone
404 2687 560 2751 intellexit,
583 2692 658 2738 certe
681 2687 833 2738 obscuriori
851 2687 973 2738 dictione
996 2688 1078 2750 gevi-

108 2771 155 2807 sus
175 2762 231 2817 est,
259 2757 305 2805 ubi
326 2756 403 2806 Oros.
422 2755 594 2820 simpliciter:
628 2759 693 2805 ente
723 2769 810 2804 annos
834 2755 919 2804 Urbis
947 2752 1080 2804 conditae

107 2823 183 2873 mille
207 2827 346 2873 trecentos
369 2823 456 2872 Ninus
479 2839 528 2871 rex
546 2823 639 2888 Assyr,
658 2827 711 2872 etc.
749 2821 864 2872 Orosius
882 2822 903 2883 1,
921 2823 938 2872 4
956 2824 984 2870 et
1001 2819 1039 2883 11,
1060 2824 1078 2872 3

107 2905 166 2957 sqq.
195 2890 246 2940 hes
269 2889 401 2940 historias
419 2895 526 2953 namet,
553 2905 622 2954 ques
640 2889 686 2939 hic
704 2890 794 2955 pictas
813 2893 962 2942 enumerat.
1034 2890 1082 2942 25.

108 2957 246 3012 Scholion.
268 2959 416 3008 Zoroastres
439 2957 567 3022 regnavit
589 2959 617 3007 in
641 2957 769 3018 Bactria,
794 2958 842 3020 qui
858 2956 985 3022 magicae
1009 2956 1083 3005 artis

109 3027 240 3075 inventor
254 3026 352 3074 fueret.
388 3024 429 3073 28.
444 3022 508 3074 Cod.
520 3022 621 3087 jubeas
635 3039 684 3074 nos
696 3024 804 3074 videus.
841 3026 883 3075 39.
897 3023 1013 3074 Orosius
1023 3023 1043 3073 l.
1055 3038 1080 3072 e.

108 3092 205 3159 „Indis
228 3107 335 3157 quoque
357 3091 456 3141 bellum
480 3091 587 3150 intulit,
616 3107 668 3157 quo
688 3100 799 3156 praeter
816 3091 892 3141 illem
911 3097 939 3140 et
956 3089 1082 3140 Alexan-

108 3160 186 3210 drum
205 3160 335 3226 Magnum
353 3157 445 3208 nullus
463 3159 604 3208 intravit.“
673 3161 706 3208 43
726 3173 766 3223 sq.
789 3158 905 3209 Orosius
923 3158 941 3208 l.
955 3172 979 3206 c.
1000 3159 1081 3222 „pri-

107 3231 200 3279 vatum
219 3228 399 3293 ignominium
419 3225 528 3289 publico
546 3226 651 3276 scelere
670 3225 804 3277 obtexit.“
885 3226 927 3275 45.
946 3225 1082 3276 Narratio

108 3295 141 3346 de
160 3295 218 3345 filio
236 3295 302 3344 Nini
319 3294 441 3343 Trebate
459 3293 597 3342 invenitur
615 3294 702 3344 Gesta
724 3293 860 3343 'I'reviror
886 3293 930 3343 ed,
948 3293 1082 3354 Wytten·

106 3363 180 3413 bach
198 3362 252 3413 vol.
271 3362 292 3417 1.
309 3378 335 3427 p.
354 3365 379 3423 4,
398 3360 445 3409 ubi
465 3375 507 3421 eu,
527 3375 598 3424 quae
616 3360 661 3411 hic
681 3366 765 3411 antea
784 3360 923 3426 leguntur,
944 3359 1031 3409 etiem
1046 3375 1082 3410 ex

109 3428 210 3480 Orosio
230 3430 402 3480 exhibentur.
434 3427 514 3493 Apud
534 3428 724 3492 Gualtherum‚
742 3428 770 3478 in
790 3431 888 3492 quarto
907 3426 1084 3478 Alexandre-
