2378 3810
420 125 482 176 naa.
502 124 553 182 111.
589 140 614 175 v.
632 125 776 178 aaa-ast.
852 149 857 157 ·
1041 122 1082 188 99

114 296 175 358 Nos
198 314 269 374 ergo
292 295 462 357 studeamus
484 294 519 355 ad
544 293 601 355 hoc
624 302 655 355 ut
678 292 754 354 bella
778 293 918 364 residant,

155 381 325 458 Pugnantes
346 380 482 449 redeant,
506 378 624 460 domata
647 387 732 456 grata
755 386 870 457 petant:

114 463 263 545 Quidquid
287 464 415 526 delirant
437 481 540 542 reges;
562 463 734 543 plectuntur
756 463 866 532 Achivi,

155 549 246 611 Plebs
269 552 360 611 instat
381 549 451 610 balli
472 550 588 609 sarcina
615 556 675 609 tota
699 546 768 607 tibi!

216 696 392 752 ACHILLES
411 694 554 752 Ductus
572 694 701 750 AMORE
720 694 800 750 NON
816 694 976 751 PUGNAT.

117 803 282 864 Concessus
303 805 369 882 paci
392 800 558 880 completur
581 800 711 863 circulus
734 800 813 871 anni,

157 886 201 947 dd
225 895 361 948 centrum
384 886 454 947 belli
475 904 546 946 mox
567 893 748 964 properatur
770 886 822 947 ibi.

114 974 244 1034 Graecos
267 971 368 1032 educit
389 970 562 1032 Palamedes
585 977 615 1030 et
636 978 738 1030 monet
761 987 864 1032 omnes

156 1055 251 1117 Caede
276 1073 383 1116 necare
406 1073 521 1125 necem,
544 1061 642 1115 morte
666 1055 769 1132 fugare
792 1055 904 1133 lugam.

115 1139 288 1218 Deiphobus
311 1139 456 1218 Phrygios
477 1140 633 1208 instaurat,
656 1141 706 1199 cui
727 1137 903 1201 Palamedes

158 1223 263 1284 Obviat
286 1233 315 1285 et
338 1224 434 1285 valide
457 1222 625 1303 dejiciendo
648 1232 744 1284 necat.

114 1309 146 1369 ln
170 1306 282 1368 bellum
304 1326 362 1369 non
385 1308 541 1387 prodierat
563 1309 699 1369 turbatus
721 1307 849 1369 Achilles

159 1392 293 1454 Pectoris
315 1395 347 1453 iu
371 1410 489 1455 camera
511 1391 616 1455 winus
639 1395 749 1454 amoris
772 1391 894 1455 habens.

112 1477 216 1555 Pugna
239 1484 337 1538 tamen
359 1479 453 1556 surgit
474 1479 631 1548 acerrima,
654 1477 778 1557 spicula,
802 1479 892 1554 conti,

156 1561 248 1622 Enses
270 1579 302 1622 se
325 1560 461 1631 densant,
487 1563 608 1635 pulnere
632 1560 712 1622 milla
736 1569 848 1622 creant.

50 1662 57 1667 ·
113 1647 245 1707 Credatis
267 1645 368 1716 multa,
392 1648 418 1707 si
440 1647 532 1708 millia
555 1646 622 1707 dico
645 1648 751 1714 ruisse,

154 1729 246 1791 Millia
268 1738 312 1791 tot
333 1731 441 1791 totiens
463 1731 529 1810 quis
552 1729 697 1791 cecidisse
718 1730 821 1808 putetl

113 1814 167 1875 Vix
192 1813 268 1875 bene
291 1814 429 1890 credetis,
452 1814 504 1876 sed
528 1815 656 1884 credite;
680 1822 724 1874 tot
745 1814 863 1892 periere

155 1898 233 1969 Quot
255 1916 383 1960 numero
404 1916 465 1959 non
488 1907 532 1960 est
553 1898 704 1960 intitulare
727 1897 801 1957 leve.

112 1983 221 2045 illactat
243 1983 422 2062 Naupliades
445 1992 475 2045 et
496 1984 616 2045 dedicat
638 2001 706 2045 arva
731 2000 852 2054 cruore;

156 2067 338 2129 Substiterat
359 2067 459 2130 nullus
481 2068 563 2131 iilius
586 2076 654 2132 aute
677 2084 790 2130 manus.

114 2151 186 2212 Nam
211 2155 306 2230 prima
329 2152 406 2215 volat
428 2154 458 2213 in
482 2157 554 2223 acie,
579 2155 752 2234 primusque
774 2152 890 2213 sodales

156 2236 204 2297 Sic
226 2239 338 2300 animat
360 2255 479 2316 pronos,
503 2239 540 2300 ad
563 2256 649 2317 mage
671 2256 764 2316 prona
789 2247 880 2299 vocat.

115 2320 173 2381 Cor
196 2330 280 2383 creat
302 2323 332 2381 in
356 2321 478 2390 timidis,
502 2321 605 2384 laudes
627 2320 789 2383 audacibus
811 2330 901 2399 aptat,

154 2405 354 2466 Exhortativis
375 2404 497 2466 vocibus
520 2424 602 2466 arma
624 2413 718 2484 parat.

113 2489 229 2550 Proluit
251 2489 400 2550 interdum
425 2489 553 2550 dominis
576 2506 708 2568 pugnare
728 2486 876 2567 jubendo:

154 2573 219 2634 Non
242 2582 330 2634 uocet
352 2573 480 2634 admisso
502 2572 630 2634 subdere
654 2573 749 2634 calcar
773 2590 857 2650 equo.

111 2657 202 2717 Irruit
224 2656 254 2716 iu
277 2657 394 2718 Danaos
416 2655 530 2741 validus
553 2658 717 2737 Sarpedon.
742 2666 771 2717 et
793 2657 860 2718 illos

156 2739 305 2811 Vulnerat,
329 2740 384 2802 hos
407 2743 508 2821 agitat,
531 2743 586 2804 hos
609 2743 678 2804 terit
699 2742 813 2823 hosque
836 2751 932 2805 necat.
1028 2753 1079 2804 850

113 2826 176 2887 Rex
199 2844 291 2886 novus
313 2823 363 2888 iila
386 2827 496 2898 videos,
520 2829 651 2908 antiquis
674 2826 785 2887 viribus
809 2845 878 2888 usus

152 2909 275 2971 Advolat
298 2919 327 2971 et
349 2912 458 2972 fortem
482 2913 614 2990 periurat
637 2931 708 2973 ense
731 2912 849 2973 ducein.

110 2994 229 3057 Exultat
254 2995 355 3065 victor,
380 2995 479 3057 titillat
501 2997 593 3075 gloria
618 3004 758 3066 mentem,

155 3081 252 3152 Ouum
276 3079 367 3141 breve
389 3079 499 3142 laetitia
522 3081 654 3144 Teucrea
677 3098 797 3142 carmen
820 3079 918 3142 habet.

110 3219 311 3226 -....—-.-..-—-

177 3301 236 3352 825.
255 3299 321 3355 Hor.
343 3299 432 3366 Epist.
451 3302 478 3364 I,
498 3302 528 3363 2,
548 3302 587 3353 14.
666 3301 725 3352 826.
745 3301 856 3366 Margo:
879 3301 977 3367 Pugna
998 3259 1076 3357 xftt.

109 3368 167 3421 uta.
187 3366 279 3417 calcar
296 3383 345 3434 pro
365 3367 423 3418 cod.
443 3383 548 3418 carcar.
566 3400 599 3409 -
617 3369 694 3419 subd.
714 3383 735 3423 e.
756 3384 779 3419 e.
797 3368 879 3421 Orid.
897 3369 949 3420 Ara
968 3384 1019 3422 am.
1038 3369 1076 3433 ΙΙ,

111 3436 168 3486 732.
186 3434 298 3490 Remad.
317 3436 375 3489 788.
395 3451 428 3486 ex
446 3436 528 3489 Pout.
546 3435 583 3500 Ii,
602 3437 626 3500 6,
644 3438 685 3489 38.

855 3515 895 3569 *p*
