2378 3810
66 128 68 134 Ι
145 163 189 228 20
467 165 528 215 Lib.
548 166 568 215 1.
604 167 792 219 aneo-318.
830 154 832 159 ’
871 230 881 244 ‚

147 319 243 381 lverat
265 319 407 386 Antenor,
432 328 465 379 ut
488 325 605 378 uestras
626 320 691 394 ipse
714 317 849 398 querelas

190 403 300 463 Ederet
323 410 352 463 et
374 420 477 481 pacem
501 401 615 463 reddita
639 405 721 480 virgo
746 402 838 463 daret.

148 488 278 549 Profecit
300 490 430 556 minime,
457 486 528 547 nihil
551 488 720 566 impetravit
743 506 856 558 eorum,

191 574 249 634 Pro
272 572 379 652 quibus
401 572 436 631 ad
461 572 573 632 Graeca
595 571 681 632 litora
703 574 812 632 missus
836 579 915 641 erat;

147 656 283 736 Amplior
306 659 430 718 accessit
453 657 571 726 iniuria,
596 655 786 727 dedecorose,

190 743 336 802 Antenor!
360 739 497 801 domibus
519 748 548 800 te
569 739 708 820 repulere
731 741 805 801 suis.

149 827 213 888 Una
236 825 350 887 doloris
371 824 468 886 adhuc
490 842 550 885 non
573 831 618 885 est
641 823 766 885 obducta
789 825 922 896 cicatrix,
1066 837 1119 887 995

192 911 295 972 Cordis
318 909 414 970 adhuc
437 909 508 970 laesi
530 909 652 970 vulnera
675 909 767 970 cruda
789 918 920 971 manent.

148 996 260 1057 Dieatis
282 1012 432 1074 proceres,
456 993 598 1073 quidnam
622 1012 712 1072 super
735 994 782 1055 his
805 996 842 1054 sit
864 994 1028 1074 agendum3

190 1081 271 1150 Dico,
297 1079 491 1141 merebuntur
514 1080 538 1139 si
561 1096 625 1139 mea
650 1078 727 1139 dicta
749 1078 847 1149 iidem,
877 1124 910 1144 ἢ

149 1165 332 1227 Obstandum
357 1166 450 1236 citius,
473 1181 540 1224 sero
563 1162 708 1233 medicina
731 1169 861 1242 paratur,

192 1251 265 1311 Cum
288 1247 364 1308 mala
387 1266 440 1327 per
462 1248 565 1322 longas
587 1247 738 1308 invaluere
762 1266 869 1309 moras.
972 1244 975 1249 ’
1066 1258 1119 1308 300

148 1335 329 1395 Mutaremus
352 1350 436 1410 opus,
461 1331 497 1392 ad
520 1329 600 1391 nulla
623 1331 698 1392 valet
721 1331 798 1392 bona
820 1332 938 1401 tardus;

191 1418 247 1489 Qui
270 1435 328 1477 non
352 1415 517 1483 esthemo,
541 1432 607 1476 oras
630 1417 728 1476 minus
751 1424 837 1495 aptus
861 1419 926 1478 erit.

148 1500 285 1566 Consulit
306 1504 447 1569 Antenor,
471 1501 547 1560 ierat
570 1501 620 1576 qui
642 1502 771 1560 nuncius
793 1500 844 1561 illo

192 1587 301 1648 Ulcisei
325 1585 437 1646 lacinus
460 1585 656 1645 strennuitate
679 1603 793 1646 manus.
1096 1653 1099 1656 ,

147 1673 194 1744 Et,
218 1689 270 1731 vos
292 1670 449 1730 indecores
471 1671 530 1730 nisi
554 1671 653 1730 vivere
674 1669 753 1729 lorte
775 1668 879 1740 velitis,
1064 1679 1116 1729 305

190 1754 352 1817 Consilium
376 1772 465 1834 super
489 1754 536 1814 his
557 1773 608 1815 vos
629 1772 751 1838 quoque
774 1753 832 1815 tale
857 1754 942 1816 datis.
1012 1771 1017 1776 ·

147 1843 252 1905 Nonne
276 1843 352 1902 mori
374 1841 489 1909 melius,
513 1857 600 1919 quam
624 1841 713 1900 vitam
735 1838 845 1900 ducere
868 1840 971 1900 mortis

189 1927 226 1987 lit
248 1943 354 1987 sensus
376 1924 517 1985 membris
540 1923 702 2001 insepelire
724 1925 795 1984 suis.

147 2011 229 2072 Pone
252 2025 374 2069 necesse
396 2009 488 2078 mori;
512 2026 593 2068 mors
615 2007 717 2068 ultima
740 2005 819 2068 linea
841 2027 944 2069 rerum

191 2093 256 2155 Non
279 2092 439 2153 metuenda
461 2093 542 2162 viris,
566 2110 648 2153 mors
671 2093 744 2152 mihi
768 2099 886 2171 tempus
908 2095 999 2155 iners.
1064 2102 1117 2152 310

148 2179 256 2240 lllultos
279 2177 441 2238 consumsit
464 2178 589 2254 ignavia,
613 2195 732 2255 semper
754 2178 865 2238 inertes

168 2301 170 2307 ,
191 2264 296 2325 Damni
319 2262 480 2340 participes
503 2260 717 2339 dedecorisque
741 2268 870 2323 monent.

148 2350 237 2427 Ergo,
262 2347 317 2407 viri
340 2346 448 2407 sortes!
472 2349 609 2406 strictum
632 2346 787 2425 producite
812 2344 935 2415 serrum,

192 2435 284 2494 Ferro
308 2449 387 2493 nunc
411 2430 567 2511 Phrygiam
590 2431 773 2509 magnificate
796 2447 926 2491 manum.
958 2482 963 2488 .

149 2519 203 2579 llic
225 2515 309 2576 labor
331 2525 364 2576 ut
387 2518 492 2577 merita
515 2522 616 2594 tangat
638 2515 766 2576 vindicta
789 2513 935 2594 Pelasgos
1064 2522 1116 2573 316

193 2601 312 2662 Discunt
334 2599 486 2660 insolitum
508 2608 608 2661 nostra
631 2618 686 2679 per
708 2617 790 2660 arma
813 2601 928 2676 iugum.

149 2686 272 2747 Hector!
296 2693 328 2744 tu
350 2685 443 2744 maior
466 2701 497 2744 es
520 2693 600 2752 natu,
623 2701 707 2744 sume
730 2682 863 2744 laborem

193 2769 287 2849 liujus
310 2770 462 2849 propositi,
485 2768 580 2830 laetus
603 2769 631 2828 in
656 2785 737 2829 arma
760 2769 835 2828 veni.

154 2905 351 2913 ...Ψ-η...-

217 2991 275 3041 299.
292 2991 352 3040 300.
380 2987 475 3038 Ovidii
497 2987 609 3039 Remed.
629 2988 674 3048 91,
699 2989 731 3037 99
755 2988 803 3051 qui
821 2991 926 3037 tamen:
950 2985 1116 3051 „principiis

147 3056 260 3120 obsta“,
288 3061 316 3106 et
343 3052 548 3118 ‚‚convaluere“
576 3052 668 3104 habet.
755 3055 813 3106 302.
837 3054 918 3104 Ovid.
942 3052 1053 3104 Remed.
1072 3055 1115 3105 94.

147 3126 209 3176 307.
229 3125 253 3174 8.
272 3124 423 3173 Maximian
439 3122 462 3185 Ι,
480 3123 531 3173 265
548 3136 589 3186 sq.

351 3191 441 3241 Morte
459 3190 527 3240 mori
545 3189 653 3251 melius,
673 3204 755 3253 quem
773 3189 860 3240 vitam
879 3193 932 3239 etc.
1008 3194 1013 3201 ’

386 3257 423 3308 Et
440 3273 538 3309 sensus
556 3256 686 3308 membris
702 3257 853 3322 insepelire
871 3257 937 3309 suis.

148 3330 209 3379 309.
229 3326 328 3377 Horat.
355 3326 437 3391 epist.
457 3326 484 3388 I,
509 3326 549 3387 16,
570 3326 611 3378 79.
697 3327 754 3378 310.
773 3323 824 3376 Ov.
847 3341 870 3376 e.
888 3325 969 3376 Pont.
987 3324 1012 3383 1,
1034 3323 1063 3387 5,
1082 3323 1117 3374 44

150 3420 181 3432 -
200 3421 234 3432 -
252 3409 325 3446 mors
348 3394 427 3445 nobis
450 3399 556 3459 tempus
574 3392 694 3444 hebetur
710 3394 794 3444 iners.
879 3393 939 3444 313.
959 3407 974 3443 e
992 3391 1117 3456 margine

147 3478 198 3526 pro
216 3463 350 3527 proueite.
