2378 3810
107 139 148 203 48
418 140 481 190 nro.
498 138 535 189 11.
570 153 597 189 v.
615 138 759 190 ron-291.

107 292 245 355 Gaudent
266 293 366 369 Argivi
388 288 569 370 Calchasqua
592 299 733 370 receptus
754 259 892 353 honeste*
1021 301 1075 351 265

149 379 230 438 luter
253 394 304 438 eos
326 376 408 452 degit
430 393 487 437 uec
508 394 561 436 sua
584 383 662 437 tecta
685 378 770 454 petit.

226 523 381 579 TROIANI
398 521 500 578 TELIS
517 522 566 577 ΕΤ
583 523 696 577 ARMIS
713 522 885 577 MUNIUNT
903 521 955 583 sd.

107 630 173 693 Non
196 637 334 707 poterant
355 631 414 691 ista
435 627 583 706 Trojanos
604 629 682 689 lacta
704 628 808 699 latere,

151 715 318 777 Ohhrmant
340 715 428 773 etiarn
451 721 584 793 pectora,
608 713 666 774 tela
689 724 805 792 parant.

96 800 221 860 Rumor
243 807 275 858 ut
296 798 346 858 hic
368 801 498 876 primum
521 798 631 858 Priami
654 815 709 874 per
730 804 807 858 tecta
829 796 945 868 volavit,

151 882 232 944 Bella
256 882 336 952 mihi,
360 882 457 950 video,
481 880 559 943 bella
581 889 735 962 parantur,
759 884 809 942 ait.
1022 890 1077 941 270

108 970 212 1029 drmat
235 964 352 1047 etipse
374 966 509 1046 Phryges
530 967 562 1026 in
584 966 708 1046 proelia,
731 970 849 1028 moenia
872 968 968 1027 munit

150 1052 283 1122 huxiliis,
306 1052 405 1120 armis,
430 1049 543 1112 viribus
565 1059 654 1128 atque
676 1051 762 1120 viris;

108 1136 279 1197 Thesauros
301 1137 406 1214 aperit,
430 1137 480 1196 dat
501 1136 638 1196 donativa
660 1135 800 1215 maniplis

151 1220 240 1282 Ocius
261 1223 292 1281 in
314 1220 425 1280 bellum
447 1229 609 1298 congregat
631 1237 720 1280 omne
741 1218 848 1281 solum.

108 1305 203 1365 Flevit
224 1312 255 1365 et
276 1306 325 1364 hic
347 1303 459 1364 Helena
483 1304 622 1383 specialis
644 1323 733 1365 causa
756 1305 911 1372 malornm,
1023 1311 1076 1362 275

151 1394 287 1449 Attamen
311 1388 358 1448 his
379 1388 524 1450 modicam
546 1388 667 1449 fletibus
688 1389 765 1449 addo
788 1388 892 1455 hdem;

110 1472 258 1533 Ponatur:
282 1470 429 1548 lacrimas,
454 1491 528 1552 quas
551 1471 661 1534 fuderit
682 1473 766 1542 haec,
789 1474 931 1534 mulieres

153 1557 189 1617 Ut
211 1557 326 1627 flerent,
350 1557 452 1617 oculos
475 1557 613 1617 erudiere
635 1576 716 1618 suos.

110 1640 217 1712 Quales
240 1659 311 1719 ergo
333 1641 404 1711 cibi,
428 1639 494 1702 talis
516 1642 622 1702 domus
644 1652 733 1721 atquc
755 1639 888 1719 supellex

152 1723 253 1796 Qualis
275 1733 340 1786 erat
362 1725 478 1796 mulier,
503 1727 559 1787 tale
583 1725 729 1804 coquebat
751 1725 825 1786 olus.
1023 1734 1077 1784 280

176 1871 385 1927 TEMPESTAS
404 1871 632 1928 GRAECORUM
649 1871 771 1927 NAVES
789 1871 999 1927 TRAHEBAT.

108 1981 234 2048 Ancora,
257 1996 333 2057 quae
356 1981 605 2054 Graecam‚tenet
627 1981 706 2039 inter
726 1977 826 2040 littora
849 1977 982 2048 classem,

153 2062 293 2132 Solvitur,
315 2063 465 2141 incipiunt
487 2081 598 2142 aequor
621 2080 722 2124 amare
744 2072 834 2125 rates

109 2146 216 2207 Aeolus
238 2147 348 2206 insanit
369 2155 398 2206 et
421 2153 597 2224 tempestate
619 2155 722 2210 coacta

151 2232 273 2308 Cogitur
295 2230 332 2289 ad
354 2229 437 2291 littus
460 2231 572 2292 Graeca
594 2231 700 2310 redire¹
716 2232 854 2312 phalanx.

109 2314 272 2395 Respondit
294 2313 430 2376 Calchas:
453 2316 620 2386 redeamus,
643 2318 674 2376 in
697 2316 804 2379 hulide
826 2325 946 2385 stemus
1024 2325 1075 2375 285

151 2399 283 2461 Placahit
303 2400 424 2462 tandem
445 2400 543 2460 lenior
564 2420 636 2462 aura
659 2409 765 2461 ratem.

108 2484 252 2545 Persolvit
274 2484 393 2545 rediens
415 2488 616 2562 hganremnon
639 2494 706 2546 rota
729 2485 847 2555 llianae,

152 2571 283 2630 Ancorat
303 2569 355 2630 hic
376 2567 478 2648 plures
500 2572 618 2630 nautica
640 2570 728 2630 turha
751 2569 825 2630 dies.

262 2714 324 2768 HIC
342 2714 485 2770 ITERUM
502 2716 604 2771 AURA
621 2715 742 2772 FAVET
762 2715 927 2774 GRAECIS.

112 2823 234 2883 Gratum
256 2830 323 2899 post
345 2820 461 2901 aliquae
483 2813 622 2900 producit
644 2831 778 2901 tempora
799 2830 920 2883 ventum

151 2903 326 2966 Exhilaratus
349 2906 450 2966 oculos
473 2925 544 2967 aura
566 2925 671 2967 serena
695 2925 773 2968 suos.
795 2904 808 2916 “
1022 2915 1076 2964 290

108 2989 178 3050 Vela
200 2997 305 3069 potunt
326 3008 435 3061 arcem,
459 2992 577 3052 solvunt
597 2990 764 3054 retinacula
787 2989 922 3061 classem,

176 3160 235 3208 269.
253 3158 303 3209 Or.
321 3159 400 3208 Fast.
419 3156 465 3210 VI.
485 3159 548 3208 52⁷:

211 3226 314 3275 Rumor
331 3222 373 3290 (ut
391 3229 435 3274 est
452 3223 545 3290 velox)
564 3227 679 3290 agitatis
696 3226 824 3293 pervolat
842 3227 904 3277 alis.

109 3295 167 3344 2⁷4.
185 3288 295 3343 Gualth.
313 3292 391 3342 Alex.
408 3293 444 3353 11,
465 3294 507 3343 1⁷.

211 3359 295 3412 Ocius
314 3357 403 3409 edicto
422 3361 478 3411 ruit
495 3360 583 3412 omnis
600 3361 629 3413 in
647 3378 723 3413 arma
738 3362 881 3428 juventus.
961 3402 966 3409 .

110 3428 168 3480 2⁷8.
188 3429 229 3478 Ex
248 3425 329 3478 Ouid.
347 3427 448 3477 remed.
467 3429 524 3479 690.
