2378 3810
376 153 437 204 Lib.
455 154 491 205 11.
526 169 552 204 v.
570 152 713 206 trt-ett

107 307 149 368 De
172 305 275 386 clypeo
298 303 402 367 labens
424 308 456 367 in
479 316 547 369 cute
569 307 675 367 vulnus
697 309 765 385 agit.

64 391 177 452 Hector
199 393 230 451 in
252 389 371 470 Ajacem
395 389 519 451 collecto
542 392 650 452 robore
671 393 813 470 grandem

109 476 294 536 Transmittit
315 473 444 554 lapidem
466 483 603 537 sternere
627 477 704 536 mole
727 476 843 538 ducem.

47 563 100 623 ,At
120 562 205 622 ferus
227 562 380 639 excipiens
403 560 507 639 clypeo
529 561 723 639 septemplice
745 578 848 622 saxum
979 572 1030 621 666

104 645 243 706 Hectoris
264 647 296 704 in
319 661 428 724 corpus
450 645 563 723 grande
585 647 712 706 remittit
734 664 817 707 onus.

61 731 230 791 decurrunt
252 731 377 807 iterum3
399 729 499 789 videas
522 731 639 807 insigne
662 727 808 799 duellum:

105 814 238 876 Deusaut
259 813 419 874 alterutras
441 813 636 891 percutiendo
659 817 749 874 vices.

64 899 211 976 Coeperat
232 900 392 975 igniferum
415 897 501 957 Titan
524 899 705 976 immergere
727 915 850 960 cursum

105 981 261 1043 Fluctibus
282 984 450 1060 aequoreis,
475 999 593 1061 noxque
616 981 718 1066 subire
741 981 856 1060 polum:
976 993 1026 1042 636

62 1065 121 1137 Qui
144 1067 323 1127 dirimente
347 1065 439 1128 caede
461 1066 539 1126 viros
561 1069 718 1127 mittuntur
740 1069 893 1146 utrinque,

106 1149 172 1211 Non
194 1158 294 1212 tamen
317 1151 348 1212 bi
369 1148 483 1228 gladios
505 1151 625 1228 segnius
648 1152 691 1211 ire
713 1153 828 1211 sinunt:

61 1235 115 1297 Ilio
138 1244 170 1296 tu
191 1254 267 1316 quae
290 1237 394 1313 patria,
418 1237 464 1295 vir
487 1243 617 1303 strenue,
640 1237 750 1316 quique
771 1243 911 1315 parentes

104 1317 185 1388 Quae
207 1328 257 1380 tua
280 1318 430 1397 nobilitas,
452 1337 528 1398 quae
552 1320 678 1380 domus?
715 1320 826 1381 Hector
848 1322 897 1380 ait.

64 1402 116 1466 Est
138 1402 289 1482 praeclara
313 1404 427 1473 domus,
449 1406 547 1483 inquit
568 1403 760 1465 Telamonius
783 1404 882 1473 heros,
976 1415 1026 1464 646

103 1488 208 1549 Inclita
230 1487 378 1558 nobilitas,
401 1490 494 1567 stirps
516 1507 659 1566 generosa
683 1488 767 1549 mihi.

64 1573 158 1634 Filius
179 1573 334 1652 Hesyouae
356 1590 433 1643 sum,
456 1591 532 1654 quae
554 1573 590 1633 de
612 1576 748 1652 germine
773 1571 851 1633 veuit

103 1656 333 1728 Laomedontem
357 1657 416 1718 lilia
439 1659 522 1719 cuius
544 1665 617 1718 erat.

58 1741 254 1811 Absistemus,
277 1745 328 1811 ait,
350 1744 473 1820 sanguis
494 1743 661 1802 communis
683 1744 814 1819 utrique,

102 1825 170 1886 blox
192 1828 416 1902 consanguineo
438 1829 534 1902 parcit
556 1833 682 1903 uterque
705 1845 774 1894 suo;
974 1836 1023 1884 646

57 1908 297 1989 Muneribusque
320 1911 395 1971 datis
417 1909 495 1970 nodo
517 1919 676 1971 nectuntur
698 1911 809 1970 amoris

102 1994 140 2054 Et
161 2000 239 2055 vetat
260 1994 390 2056 urendas
413 1993 522 2055 Hector
544 1994 580 2055 ab
603 1995 671 2072 igne
694 2000 783 2055 rates.

126 2314 218 2377 Ensis,
236 2317 264 2363 et
281 2313 381 2378 exiguo
400 2312 537 2363 cervicem
554 2313 668 2363 vulnere
686 2311 765 2365 libat.

126 2381 225 2431 Acrius
244 2381 388 2431 adversum
406 2395 501 2431 rursus
518 2381 662 2445 consurgit
678 2381 707 2428 in
724 2380 831 2430 hostem

126 2448 290 2511 Priamides,
308 2462 358 2497 nee
371 2445 429 2509 jem
447 2448 521 2498 ferro
539 2447 689 2497 Telamone
708 2451 832 2497 creatum

128 2515 184 2566 Sed
202 2530 302 2580 magno
320 2517 382 2564 sexi
396 2514 477 2579 jactu
496 2517 581 2579 petit;
599 2519 629 2566 ut
646 2514 721 2565 ferus
738 2513 811 2577 Ajex

125 2583 271 2648 Ingentem
289 2582 385 2648 clypeo
403 2582 582 2648 septemplice
599 2581 706 2646 depulit
723 2583 818 2648 ictum,

127 2651 166 2699 Et
181 2649 312 2713 juvenem
330 2665 398 2700 sexo
415 2665 575 2714 percussum
593 2652 692 2699 sternit
710 2650 814 2702 eodem.

126 2719 211 2781 Quem
229 2717 304 2768 levat
321 2724 464 2782 exceptum
483 2716 575 2782 Grsjis
591 2716 718 2767 inimicus
737 2719 835 2784 Apollo

125 2784 304 2853 Integrntque
321 2785 451 2846 animum,
465 2785 525 2848 jem
542 2800 636 2836 rursus
654 2785 689 2835 ad
708 2801 785 2837 arms
803 2787 925 2851 coibant,

126 2851 361 2918 Stringebsutque
380 2854 477 2902 iterum
495 2852 611 2917 gladios,
631 2860 683 2903 etc.

58 2937 185 2990 634—36.
215 2938 286 2988 Toto
307 2937 370 2987 loco
391 2936 514 2986 imitatus
532 2941 576 2987 est
592 2936 720 2989 Albertus
739 2937 886 3002 Epitomen
905 2939 954 2989 sed
970 2938 1021 2989 hos

56 3019 154 3056 versus
170 3019 258 3069 paene
276 3004 444 3055 verbotenus
463 3004 608 3054 desumsit:

125 3087 263 3154 Coeperat
279 3089 416 3154 igniferos
433 3089 518 3138 Titan
536 3089 695 3153 immergere
714 3105 818 3152 currus,

123 3155 240 3222 Noxque
258 3156 350 3207 subire
369 3155 475 3222 polum:
492 3153 574 3219 juxte
592 3155 745 3220 mittuntur,
763 3165 893 3226 utrosque

126 3223 181 3285 Qui
198 3223 329 3274 dirIment
345 3240 363 3274 e
380 3223 466 3274 ccede
484 3223 567 3285 viros,
585 3237 637 3273 nec
656 3227 767 3289 segnius
784 3225 827 3276 illi

126 3286 276 3356 Deponunt
293 3291 403 3342 unimus·
416 3298 469 3344 etc.
505 3289 576 3340 Sunt
592 3291 632 3340 ibi
649 3293 708 3347 618.
728 3295 767 3344 19.
785 3297 828 3345 20.
846 3297 888 3346 21.

54 3377 114 3429 ott.
133 3375 201 3427 cod.
221 3366 314 3441 strips.
382 3380 440 3434 643,
460 3374 526 3430 con.
546 3375 740 3433 Lemedouteo,
809 3380 870 3430 644.
897 3379 1021 3445 deprom-

54 3450 100 3495 tue
119 3458 154 3494 ex
171 3443 279 3511 epitom.
297 3447 356 3499 629.
