2378 3810
428 153 489 208 Lib.
509 155 531 204 1.
566 170 592 204 v.
611 156 754 208 548-517.

110 305 157 366 155
181 304 283 383 Pylum
309 303 399 365 voluit
421 305 570 367 Menelaus
593 306 696 384 ibique
718 308 809 385 potiri

150 385 288 450 Nestoris
310 388 446 465 alloquio,
471 389 571 451 155555
595 390 713 451 5515551
734 409 812 451 eum.

108 472 213 535 Pollux
236 481 266 534 et
288 473 391 534 Castor
414 475 511 535 ierant
533 473 619 535 simul
643 475 679 535 ad
703 473 956 553 Clytemnestram,
1022 484 1074 534 555
1159 464 1168 475 ’

151 558 330 637 Complacet,
354 566 387 619 ut
410 561 507 637 neptis
530 559 747 620 coiioomitetur
771 560 813 619 eis

107 641 230 707 Scilicet
251 642 421 704 Hermione.
466 642 581 704 Festive
604 642 668 702 5155
691 650 756 703 5551
776 645 877 722 Argis;

149 727 263 787 Debeat
284 724 335 786 tali
358 734 492 807 tempore
515 727 587 787 iuno
610 726 675 788 coli.

109 811 261 888 Contingit
283 811 439 890 Cytheram
462 811 513 871 sed
539 820 568 872 et
590 811 638 871 bic
661 827 740 883 51555
762 827 832 871 5555
855 828 1008 872 sacrorum

151 894 211 956 lam
235 893 379 956 dederant
401 893 549 957 celebrem
574 896 646 955 15515
669 894 791 955 5555515
815 894 903 956 diem.
1023 903 1072 954 555

108 978 187 1039 Pana
211 978 384 1040 colebantur
406 979 488 1050 haec,
512 981 635 1041 5155115
658 980 735 1039 dona
759 979 868 1039 Dianae

151 1063 290 1123 Solvebat
310 1064 449 1143 populus
475 1067 523 1125 eui
546 1067 655 1124 sociata
680 1062 788 1123 Venus.

108 1146 181 1208 Vota
203 1165 273 1208 suos
294 1147 427 1210 11555555
452 1147 532 1216 5555,
556 1147 675 1207 devenit
696 1145 806 1206 ibidem

150 1232 234 1292 Tunc
257 1232 341 1293 Paris
363 1241 462 1312 optata
486 1239 565 1293 sorte
589 1232 725 1292 trahente
748 1237 852 1291 551515.

276 1395 377 1450 FAMA
395 1394 517 1450 votat
536 1395 635 1461 QUOD
653 1395 759 1449 Panis
778 1395 896 1449 VENIT.

108 1501 198 1562 Fama
221 1499 305 1572 15151,
330 1502 400 1578 5515
425 1504 503 1561 enim
527 1504 604 1562 lama
628 1500 756 1563 velocius
777 1508 864 1571 511151,
1023 1511 1074 1561 555

154 1584 293 1646 Prolibus
316 1590 431 1654 555515,
442 1587 523 1662 regia
547 1586 650 1648 classis
673 1587 764 1648 adest.

108 1670 280 1749 Spectatum
304 1673 431 1735 veniunt.
454 1672 574 1731 veniunt
594 1679 768 1750 spectentur
790 1678 823 1729 ut
845 1673 927 1749 ipsae

153 1754 193 1814 115
216 1753 353 1814 domibus
375 1754 523 1824 dominae,
548 1772 748 1832 concrepuere
770 1751 860 1832 lyrae.

109 1836 268 1917 Splendeat
291 1846 323 1899 51
344 1838 444 1907 Liber,
468 1837 583 1916 lateque
606 1837 752 1916 refulgeat
774 1854 879 1898 aurum

152 1922 300 1983 Ornatse
322 1923 411 1983 155115
434 1922 595 1983 ambitione
618 1923 711 1992 Paris,
1023 1930 1073 1980 555

108 2007 212 2083 Surgit
234 2007 321 2068 etad
344 2007 486 2086 templum
509 2008 642 2085 graditur
666 2008 751 2083 55551
774 2023 857 2086 pavo,
881 2006 993 2066 Dianae

152 2092 256 2152 Votum
279 2091 420 2170 persolvit
443 2091 590 2171 dignaque
613 2091 689 2152 dona
713 2092 798 2170 gerit.

107 2175 267 2246 Quaeritur
288 2178 413 2250 interea,
437 2176 502 2253 5515
524 2176 581 2236 siti
604 2193 657 2235 cur
681 2177 812 2236 venerit?
837 2175 915 2235 unde

152 2261 273 2320 Venerit
295 2268 324 2320 et
346 2277 489 2338 quorsum
513 2259 612 2321 lorsan
636 2260 718 2321 abire
743 2259 828 2320 velit?

110 2343 203 2406 Filius
226 2352 271 2404 est
293 2344 404 2404 Priami
426 2347 515 2422 regis,
539 2343 734 2423 mandataque
756 2345 851 2422 patris
1024 2351 1074 2401 515

153 2428 240 2489 Venit
260 2431 292 2488 in
315 2428 370 2498 his,
395 2429 484 2498 aiunt,
509 2428 599 2498 15555,
623 2427 738 2489 5515555
760 2427 841 2486 locis,

109 2511 214 2573 Pollux
236 2520 267 2572 et
289 2511 392 2572 Castor
416 2513 546 2582 bisunt,
572 2514 596 2572 si
620 2512 771 2589 quaeritis,
796 2511 887 2571 advos

153 2596 249 2658 Pauca
271 2596 353 2676 15551
374 2595 484 2676 551555
507 2597 555 2656 1115
579 2595 640 2657 vult
663 2595 798 2656 5155155
821 2594 952 2658 domum.

110 2681 258 2742 Rumores
280 2688 404 2758 tangunt
426 2680 577 2749 Helenam,
600 2679 667 2741 silet
689 2679 738 2740 illa
762 2696 936 2759 parumper;

154 2765 207 2826 ilic
230 2773 303 2833 erat,
327 2765 385 2825 huc
408 2765 501 2827 lestus
525 2774 655 2827 traxerat
677 2783 749 2826 usus
771 2783 843 2825 eam.
1023 2772 1073 2822 515

111 2849 250 2910 Audierat
271 2867 360 2926 quam
381 2847 506 2929 pulcher
529 2856 606 2919 5551;
630 2852 823 2928 speciemque
844 2847 947 2911 ridere
1116 2864 1119 2869 ⁴

153 2934 218 2995 Non
240 2936 363 3013 impune
386 2942 484 2994 tamen
508 2935 608 2994 nititur
631 2932 681 2994 illa
705 2935 770 2993 viri.

109 3100 398 3166 5551115551550151.
417 3116 537 3153 sororem
555 3117 642 3156 suam.
695 3102 753 3152 552.
774 3113 858 3164 marg.
869 3098 927 3150 filia
938 3099 1073 3152 Helenae.

110 3170 168 3220 554.
187 3185 291 3235 margo.
311 3169 451 3220 Obiteram
468 3169 498 3218 in
515 3170 635 3220 1115515111
652 3169 693 3220 515
712 3169 824 3218 51515111.
892 3169 950 3219 560.
969 3168 1074 3218 5115515

109 3236 186 3303 Virg.
195 3235 316 3298 Aean,
324 3238 381 3288 114.
400 3239 497 3299 Fama,
510 3236 612 3287 malum
626 3252 677 3301 qao
690 3251 745 3286 11511
759 3235 835 3285 51155
848 3235 971 3286 velocius
981 3235 1075 3285 ullum.

110 3304 269 3359 5650515.
289 3305 340 3356 Ars
359 3303 419 3356 Am.
437 3305 460 3368 Ι,
480 3306 520 3356 99.
582 3306 639 3356 564.
663 3305 722 3355 cod.
747 3303 889 3368 spendeat.
953 3304 1013 3353 572.
1031 3302 1076 3352 ad-

111 3386 169 3488 qos.
188 3373 331 3438 antiquior
348 3388 398 3438 pro
416 3370 528 3437 555555,
548 3373 694 3439 adversus,
713 3371 808 3434 hostis,
828 3371 935 3435 hospes.
1014 3371 1073 3422 575.

123 3444 192 3492 esta.
