2378 3810
157 165 217 230 108
460 169 523 220 Lib.
542 169 592 224 1v.
627 186 654 219 v.
674 171 816 221 tea—227:

156 323 268 383 Anxius
290 322 334 385 ad¹
350 323 482 383 Primum
504 323 594 383 mittit
615 341 670 401 pro
693 340 766 403 pace
789 324 926 403 petenda,
1072 335 1125 385 195

127 421 131 428 ’
199 410 238 469 111
259 425 362 487 pacem
386 408 467 468 senis
490 405 643 468 mensibus
666 425 730 480 esse
752 408 832 470 velit.

155 492 277 572 Trojani
300 510 403 570 paoem
427 490 567 551 dedicunt
590 499 725 569 tempore
747 499 838 563 tanto,

198 577 351 647 Nolumus,
375 576 551 647 exclamant,
575 575 690 654 proelia
711 595 785 657 pace
808 579 881 656 regi.

155 662 269 723 Ibimus
292 663 321 720 in
346 668 440 721 castra
465 661 631 721 Danaorum
654 662 786 738 plectere
808 668 941 732 cunctos

198 746 311 807 lbimns
334 747 370 806 ad
393 746 517 823 pelagus
539 745 707 807 incinerare
729 755 819 807 rates.
1074 759 1128 808 200

155 835 293 891 Attamen
317 849 333 891 a
355 829 476 907 reliquis
499 847 566 889 cum
589 847 643 890 rex
665 850 720 910 pro
744 849 817 909 pace
838 832 980 908 requirit;

198 916 315 983 Pacem,
340 921 515 976 cunctorum
538 932 594 973 vox
617 924 681 976 erat
703 932 769 984 una,
794 914 867 976 dari.

155 998 328 1078 Suscipiunt
340 999 506 1069 medicam,
530 1007 636 1060 coeant
659 1008 691 1060 ut
713 997 843 1069 vulnera,
866 1001 949 1077 pacis

197 1086 345 1164 Tempore
368 1083 495 1163 Tydides
519 1091 548 1144 et
568 1084 721 1146 Menelaus
744 1102 839 1161 opem.

154 1169 250 1230 Troes
273 1178 302 1229 et
324 1168 416 1229 Danai
437 1171 537 1248 potius
559 1169 708 1230 tumulare
729 1169 867 1230 videntur
1072 1181 1124 1229 005

197 1252 241 1315 Ob
265 1253 371 1315 nimios
394 1253 529 1315 cumulos
551 1272 639 1332 quam
662 1252 812 1315 cumulare
835 1271 915 1314 suos.

153 1337 187 1398 ln
212 1338 340 1398 tumulos
359 1336 471 1415 jactant
493 1336 635 1407 cumulos,
660 1337 790 1400 tumulos
813 1338 993 1399 cumulando

196 1423 233 1482 Et
256 1419 407 1482 cumulant
429 1422 558 1483 tumulos
579 1421 786 1485 intumulando
809 1424 898 1484 viros.

233 1603 357 1656 VERBA
374 1602 425 1656 AD
444 1602 631 1657 ACHILLEM
649 1603 698 1658 UT
715 1603 889 1660 RESUMAT
907 1604 1034 1660 BELLA.

153 1709 186 1770 ln
209 1707 320 1770 bellum
344 1727 484 1770 revocare
506 1710 628 1771 studens
651 1711 852 1788 Agamemnon
875 1709 1019 1771 Achillem

195 1795 333 1854 Assumto
356 1793 447 1855 subiit
468 1793 594 1855 Nestore
618 1800 713 1854 castra
737 1795 830 1855 ducis.
978 1860 981 1865 a
1070 1805 1124 1854 210

152 1878 256 1939 lnelite
279 1877 374 1954 miles,
400 1880 448 1949 ait,
472 1881 515 1939 vir
538 1890 669 1952 strenue,
691 1880 748 1940 fide
771 1876 895 1939 sodalis!

194 1961 368 2024 Procumbit
390 1963 516 2041 genibus
539 1965 661 2025 Graecia
686 1970 745 2024 tota
768 1965 836 2024 tuis.
969 2033 971 2038 ,

152 2047 245 2107 lmmo
268 2057 429 2108 coronatus
453 2067 516 2118 rex,
541 2056 570 2108 et
593 2066 651 2108 non
675 2067 736 2123 rex,
760 2047 813 2108 sed
835 2049 948 2109 amicus

195 2130 238 2191 Te
261 2140 347 2206 rogat
368 2133 497 2192 intentas
520 2131 721 2194 continuando
745 2150 864 2210 preces;

151 2215 279 2276 Prodeat
303 2217 332 2275 in
356 2215 468 2278 bellum
490 2226 539 2278 tua
563 2217 694 2286 dextera,
718 2218 842 2296 prodeat
863 2215 912 2277 1110
1069 2227 1120 2275 215

193 2301 384 2378 Armipotens
406 2301 504 2380 galea;
528 2310 689 2392 nostraque
712 2300 788 2363 bella
808 2302 885 2381 juva.

151 2382 334 2463 Suppliciter
357 2388 431 2464 petit
453 2386 500 2446 hio
524 2395 572 2446 tua
595 2389 701 2466 patria,
724 2385 847 2448 Graecia
870 2392 937 2457 tota,

193 2469 267 2529 Tota
290 2469 457 2548 parentela;
481 2470 586 2532 bellica
610 2469 789 2549 signaiora.

149 2552 268 2614 Atrides
292 2556 380 2615 etiarn
405 2553 460 2615 tibi
483 2556 508 2614 si
530 2554 599 2616 tuus'
621 2564 665 2616 est
687 2554 814 2634 alicujus

192 2638 343 2708 llomenti,
367 2638 516 2700 nolrvota
539 2656 650 2717 negare
673 2638 754 2700 milri.
1067 2648 1120 2697 220

106 2750 114 2762 ·
150 2721 182 2782 Si
206 2721 290 2792 mihi,
314 2723 338 2783 si
360 2725 482 2802 patriae,
507 2725 530 2785 si
553 2725 668 2785 civibus
690 2741 771 2784 arma
794 2740 930 2802 negares

192 2805 257 2867 Dux
279 2807 484 2876 inhonestatis
509 2809 603 2869 hostis
626 2810 734 2869 amoris
757 2810 825 2868 eris.

151 2891 223 2952 Cum
248 2910 314 2953 rosa
339 2893 379 2952 sis
401 2895 525 2971 patriae,
549 2911 608 2953 non
631 2892 721 2953 debet
744 2895 846 2972 spinea
869 2910 966 2953 rosam

191 2976 254 3036 Hoc
277 2979 348 3038 vitio
370 2977 486 3039 macula
509 2977 682 3038 derosulare
702 2995 811 3038 rosam.

148 3057 185 3118 Et
209 3077 403 3141 quaecunque
426 3070 533 3140 potest,
558 3079 611 3122 rex
636 3061 787 3123 allectoria
811 3061 900 3124 verba
1066 3071 1118 3121 225

189 3143 307 3205 Prolert
328 3146 360 3206 in
382 3147 511 3208 medium
534 3146 706 3208 mollificare
729 3148 838 3214 virum.

148 3227 275 3308 Projioit
297 3230 441 3308 ampullas
465 3240 495 3292 et
517 3231 735 3312 sesquipedalia
758 3230 847 3293 verba

215 3399 273 3452 201.
290 3394 402 3462 Margo:
421 3400 522 3449 iterum
540 3415 595 3465 pax
613 3398 665 3464 vijj
685 3414 731 3454 sex
750 3401 890 3452 mensium.
971 3401 1030 3458 227.
1048 3399 1119 3454 Hor.

133 3461 191 3510 Ars
203 3469 280 3527 poet.
304 3481 326 3516 r.
347 3468 388 3517 97.
808 3506 812 3511 -
