2378 3810
136 152 180 217 32
458 153 520 206 mn.
540 154 561 202 1.
595 169 621 203 v.
641 153 783 206 err-aee.
830 218 831 221 Ἴ

139 307 307 385 Conceptus
329 306 424 382 ignes,
449 312 565 382 captato
589 313 734 385 tempore,
757 305 889 383 produnt
1126 370 1129 372 ,

167 390 275 451 >Ambo
297 387 473 459 revelantes,
498 407 586 468 quarn
609 390 647 450 sit
669 398 796 467 uterque
818 389 924 450 libens.
1056 399 1106 450 625

139 474 171 534 Si
193 475 330 535 Paridem
353 474 502 535 studuisse
525 483 634 553 putem,
660 491 715 534 nec
738 473 828 535 credo
851 473 928 553 qued
953 491 1061 544 errem,

181 560 239 619 Aut
261 557 402 620 Helenam
427 559 558 636 scriptis:
582 558 656 619 hara
679 558 802 620 vacabat
825 561 879 619 eis.

138 641 280 722 Eloquar,
304 643 352 703 hic
373 642 514 720 loquitur,
539 660 598 703 non
622 651 667 703 est
689 643 781 711 locus,
805 642 903 702 indice
926 643 1063 703 dammae

182 728 219 788 Et
240 727 316 807 plus,
340 745 427 805 quarn
450 726 564 796 vellem,
589 730 647 787 iam
670 745 752 787 meus
776 734 857 787 extat
879 744 976 796 am0r;

140 805 198 871 Se‘d
221 810 297 872 male
321 810 482 879 dissimulo,
508 812 575 887 quis
598 813 677 869 enirn
701 809 842 872 celaverit
863 811 963 888 ignem
1054 821 1106 871 630

181 895 307 956 Lumine
331 896 382 973 qui
405 913 524 973 semper
547 895 682 972 proditur
704 898 768 974 ipse
791 913 856 958 sue.

139 980 181 1040 'Ie
204 985 283 1058 peto,
307 997 395 1057 quam
419 981 532 1058 pepigit
554 979 630 1039 lecto
654 981 751 1040 Venus
774 980 876 1040 inclita
900 987 1011 1049 nostro,

183 1063 224 1124 'Ie
248 1065 332 1142 prius
355 1065 460 1141 optavi
487 1081 573 1140 quam
598 1062 670 1123 mini
692 1072 762 1123 nota
784 1063 873 1124 sores.

139 1148 180 1209 lla
203 1147 277 1208 mihi
300 1155 337 1215 te,
363 1166 437 1226 quae
459 1149 497 1207 sit
519 1148 635 1209 Paridis
658 1148 831 1217 constantia,
856 1165 970 1217 nosces,

89 1268 91 1272 ι
180 1232 310 1293 Flamma
333 1235 399 1306 rogi
422 1233 555 1294 dammas
578 1233 659 1293 finiet
681 1248 738 1293 una
763 1235 832 1292 mei.
1054 1241 1103 1291 635

138 1317 314 1377 Innumeras
337 1315 426 1377 urbes
449 1323 536 1392 atque
560 1333 648 1376 aurea
672 1324 748 1377 tecta
770 1315 894 1386 videbis,

182 1398 321 1479 Quaeque
346 1417 414 1460 suos
437 1400 517 1461 dicas
541 1399 649 1478 templa
673 1402 779 1461 decere
803 1400 885 1465 deos.

139 1485 224 1546 Nunc
247 1483 320 1544 mihi
343 1484 384 1544 ull
407 1491 552 1564 superest,
578 1485 634 1545 nisi
657 1492 694 1555 te,
719 1485 858 1554 formosa,
883 1485 1016 1565 precari;

181 1567 386 1648 Amplectique
409 1577 484 1637 tuoe,
508 1571 533 1628 si
555 1571 679 1647 patlare,
702 1569 803 1648 pedes.

138 1655 197 1714 Aut
220 1670 275 1730 ego
299 1653 421 1730 Sigaeos
444 1661 584 1733 repetam,
610 1661 637 1713 te
661 1653 797 1733 conjuge,
821 1661 940 1731 portus:
1054 1661 1105 1711 640

180 1738 238 1797 Aut
261 1754 315 1815 ego
339 1737 483 1798 Taenaria
507 1746 648 1815 contegar
672 1737 739 1798 exul
762 1737 862 1798 lrumo.

137 1822 234 1883 Ausus
257 1840 297 1892 es,
321 1821 370 1883 illa
393 1822 495 1892 refert,
521 1824 671 1883 temeratis
694 1821 805 1881 advena
829 1823 924 1881 sacris

182 1907 356 1984 Legitimam
380 1913 488 1985 nuptae
511 1904 673 1967 sollicitare
697 1906 804 1966 tidem‘.l

138 1990 201 2050 Hoc
224 2007 306 2067 rago,
331 1990 499 2051 dissimules
523 1991 579 2051 nisi
602 1995 632 2052 tu
656 1989 802 2051 desistere
825 1989 906 2058 velis,

181 2074 239 2133 Sed
263 2092 317 2133 cur
339 2073 484 2135 desistas?
508 2074 695 2135 dissimulare
718 2081 812 2155 potes.
1052 2082 1102 2132 646

139 2158 233 2228 Quam
256 2158 365 2218 multos
387 2159 484 2218 credis
504 2159 629 2238 juvenes
651 2166 762 2238 optare,
787 2159 868 2238 qued
886 2165 984 2239 eptas,

64 2304 79 2316 l
181 2240 237 2310 Qui
260 2244 388 2313 videant,
412 2243 513 2303 oculos
536 2262 573 2304 an
597 2243 663 2303 Pari
685 2243 764 2304 solus
787 2241 899 2303 habes?

138 2326 180 2387 Ad
204 2344 339 2406 possessa
362 2326 444 2388 venis
466 2335 684 2406 praeraptaque
707 2327 813 2406 gaudia
837 2344 921 2386 serus

181 2411 254 2491 Spes
276 2419 326 2472 tua
348 2410 428 2472 lenta
450 2412 518 2472 luit:
543 2413 623 2491 quod
646 2413 732 2489 petis,
756 2412 830 2472 alter
853 2411 952 2472 habet.

204 2630 264 2680 626.
282 2631 324 2682 29.
344 2629 394 2682 Ov.
412 2629 526 2683 Heroid,
545 2628 618 2692 XVI,
638 2633 661 2680 3.
679 2631 696 2678 4

230 2695 372 2813 Eloquler?
391 2712 428 2747 an
445 2697 570 2747 flammae
589 2710 644 2746 non
663 2701 707 2747 est
725 2711 793 2762 opus
810 2696 903 2747 indice
921 2700 1004 2747 notae

247 2764 284 2813 Et
300 2779 362 2829 pus
381 2768 433 2814 etc.

136 2832 195 2883 630.
214 2832 255 2882 61.
274 2830 324 2882 Ov.
343 2832 409 2886 Her.
428 2831 506 2891 XVI,
531 2832 554 2879 ’1.
573 2832 598 2881 8.
667 2831 726 2882 632.
744 2833 784 2882 33.
806 2831 855 2885 Ov.
874 2831 940 2884 Her.
958 2829 1038 2892 XVI,
1058 2833 1101 2882 36.

137 2901 179 2951 36.
201 2898 275 2949 lecto
297 2900 406 2965 pepigit
422 2898 455 2953 V.
474 2913 569 2948 aurea.
656 2899 715 2947 634.
734 2899 774 2951 36,
795 2895 877 2950 Ovid.
895 2896 1009 2948 Heroid.
1027 2897 1102 2961 XVI,

138 2969 195 3020 161.
213 2968 255 3016 62.
324 2967 383 3020 636.
403 2965 468 3016 eoa.
493 2981 551 3028 ae,
575 2979 625 3016 nos
649 2968 733 3029 alque
756 2965 870 3016 secund.
889 2965 970 3016 Ovid.
988 2965 1101 3016 Heroid.

136 3033 209 3097 XVI,
230 3036 286 3085 l'l‘l.
355 3035 412 3084 636.
431 3035 472 3087 37.
496 3031 559 3082 ibid.
578 3032 656 3095 XVI,
676 3035 732 3084 177.
754 3035 811 3085 178.
881 3034 940 3084 638.
958 3035 1000 3083 39.
1020 3031 1101 3088 ovid.

136 3101 247 3152 Heroid.
266 3101 339 3163 XVI,
358 3102 417 3153 269.
435 3102 493 3151 270.
562 3101 620 3151 640.
638 3100 767 3155 411610.
785 3103 843 3152 273.
861 3101 919 3154 274.
942 3100 1039 3167 Margo
1058 3114 1103 3150 ex-

135 3167 224 3235 plicet
242 3167 297 3232 Sig.
315 3184 366 3233 per
382 3165 531 3231 Trojlfflffl,
549 3168 687 3218 Taenaria
705 3185 755 3234 per
772 3167 902 3218 GraeeIe.
983 3170 1042 3220 642.
1060 3170 1102 3219 43.

136 3236 217 3288 Ovid.
233 3235 348 3286 Heroid.
366 3235 453 3295 XVII,
472 3238 496 3288 3.
514 3236 538 3284 4.
592 3236 651 3286 644.
669 3238 711 3291 46,
729 3238 779 3288 Or.
798 3237 865 3286 Her.
885 3235 975 3301 XVII,
990 3237 1045 3286 161.
1059 3237 1103 3300 62,

136 3308 248 3369 praeter
266 3303 339 3367 quod
359 3305 406 3354 161
436 3303 472 3354 At
490 3307 520 3353 tn
538 3302 694 3354 dissimula:
714 3305 768 3355 nisi
786 3304 810 3355 si
827 3304 960 3374 desistere
978 3303 1075 3355 mavis.

136 3372 194 3427 646.
212 3373 253 3425 tt.
278 3371 321 3420 Ex
338 3369 417 3421 Ovid.
435 3370 502 3421 Her.
520 3370 606 3431 XVII,
626 3373 668 3426 99.
689 3375 738 3424 100
757 3372 862 3426 eredes.
880 3372 1002 3435 sepirent.
1020 3370 1101 3422 Paris

135 3452 213 3488 unus.
300 3439 358 3493 648,
377 3442 419 3490 49.
439 3439 488 3495 Ov.
508 3439 573 3492 Her.
590 3438 680 3501 XVII,
700 3442 758 3491 107.
778 3441 835 3493 108.
