2378 3810
403 145 466 194 Lib.
485 143 507 195 Ι.
543 160 569 195 v.
589 145 732 196 aot-288.

282 324 458 378 ANTENOR
475 325 587 379 REDI'P
605 325 655 378 AD
675 325 825 380 TROIAM.

75 436 208 495 Antenor
231 431 295 491 sine
319 429 403 507 fruge
427 429 529 491 videns
553 449 584 492 se
608 435 720 494 semina
744 433 833 503 serre,

118 517 209 578 Ocius
232 515 267 577 ad
290 515 435 594 Phrygios
457 515 522 575 vela
545 514 663 577 reflexit
685 534 787 595 agros3

76 603 203 664 Enarrat
226 600 352 669 Priamo,
375 598 445 678 quid
469 599 577 661 dixerit
599 601 659 671 ille,
684 602 752 678 quid
775 599 834 672 ille,
1033 668 1036 674 ¹

118 685 262 765 Quodque
285 683 367 744 dedit
388 685 479 745 variis
500 685 584 745 irrita
607 685 673 747 vela
696 685 804 749 nothis.
991 695 1041 744 200

76 771 185 840 Orex,
208 768 327 837 adiecit,
351 768 473 846 galeatis
495 786 631 847 pungere
652 770 753 831 verbis

77 851 79 855 ’
118 854 184 916 Νο0
208 856 336 915 timuere
360 858 426 914 tuos
450 860 478 913 et
500 853 655 916 terebrare
678 856 774 917 minis.

77 940 154 1013 Quid
178 940 305 1000 recitare
328 936 425 1008 velim,
451 939 529 1015 quod
551 939 582 998 in
605 943 686 1000 omni
708 941 767 1002 fine
790 939 931 1020 loquendi

117 1024 233 1085 Acriter
256 1041 271 1083 a
293 1021 409 1083 foribus
431 1040 479 1082 me
501 1023 639 1100 repulere
661 1024 733 1086 suis.

75 1108 186 1171 Ulcisci
208 1118 289 1168 certe
312 1105 422 1186 probra
447 1104 513 1166 talia
536 1108 731 1178 consulerem,
755 1111 781 1169 si
989 1118 1040 1166 200

118 1193 221 1253 Essem
244 1190 362 1251 consilii
384 1209 454 1270 pars
476 1191 623 1271 aliquanta
646 1193 699 1259 tui.

75 1277 175 1339 Litora
198 1293 340 1356 pompose
362 1277 524 1354 tetigerunt
546 1285 657 1348 nostra,
680 1281 796 1358 potenti

118 1361 258 1422 Protinus
279 1362 441 1422 interram
464 1358 631 1440 prosiluere
653 1363 738 1441 pede.
807 1389 812 1399 o

38 1491 56 1504 ,η
78 1446 248 1526 Irrumperc
270 1447 352 1506 iores
374 1445 518 1506 violenter
541 1448 572 1507 in
595 1446 687 1518 urbis,
710 1447 811 1526 ibique

122 1530 160 1591 Et
181 1548 230 1590 res
253 1538 283 1590 et
304 1538 422 1590 nostras
445 1529 595 1611 diripuere
619 1532 736 1602 domos;
991 1542 1042 1591 270

76 1614 220 1677 Occidere
242 1621 356 1693 patrem
381 1613 540 1677 crudeliter
563 1624 650 1695 atque
673 1636 818 1688 sororem,

119 1700 261 1778 Turpiter
283 1699 342 1759 huc
364 1717 460 1778 usque
483 1701 637 1762 detinuere
660 1709 752 1763 tuam.

74 1784 203 1855 Ludunt,
227 1782 412 1846 subsannant
433 1783 568 1846 imbelles
591 1792 620 1846 et
643 1788 708 1846 sine
730 1785 812 1847 serro

118 1869 189 1930 Esse
212 1869 312 1930 lerunt
335 1886 439 1931 omnes
461 1870 693 1950 improperando
718 1870 858 1950 Phryges.

76 1953 202 2015 Graecia
225 1954 256 2013 ni
278 1954 371 2014 luerit
392 1954 536 2033 Phrygios
559 1962 680 2034 experta
702 1953 829 2015 lacertos
992 1964 1042 2013 275

118 2036 197 2109 Plus,
221 2055 308 2117 quam
331 2041 523 2110 senserimus,
548 2042 737 2119 experiemur
761 2057 821 2100 000.

76 2122 157 2184 llaec
180 2140 249 2200 ego;
273 2124 298 2182 si
322 2125 389 2201 quis
411 2122 503 2184 habet
525 2124 602 2184 aliud
625 2123 679 2185 sub
702 2133 822 2202 pectore
846 2124 990 2196 clausum,

120 2206 274 2277 Proferam
297 2214 331 2267 ut
353 2206 441 2286 digna
464 2224 513 2269 res
536 2226 569 2268 ea
592 2209 670 2270 iorte
694 2209 789 2270 cadat.

148 2353 265 2409 DUCES
284 2352 559 2410 CONVOGANTUR
575 2355 713 2410 AUDIRE
732 2355 966 2415 ANTENOREM.

77 2461 223 2523 Continuo
246 2461 383 2522 Priamus
406 2469 490 2523 vocat
512 2465 543 2522 in
567 2480 724 2523 commune
747 2459 877 2530 Quirites

118 2544 157 2606 Ut
178 2540 267 2624 super
289 2545 335 2606 his
357 2545 480 2606 verbum
502 2548 597 2626 possit
618 2546 728 2609 habere
751 2554 857 2608 ratum.
992 2557 1044 2606 280

76 2628 187 2690 Hector
209 2629 294 2690 adest
315 2631 481 2711 fratresque
505 2632 550 2692 sui
574 2630 618 2691 vel
641 2635 692 2713 qui
714 2634 848 2710 generati

118 2713 162 2774 Ex
184 2711 338 2792 illegitima
361 2723 441 2776 sorte
463 2716 548 2777 luere
570 2716 650 2778 duci.

74 2797 228 2867 Anchises,
252 2798 445 2860 Anchisiades
467 2801 577 2881 aliique
600 2799 728 2862 barones

118 2882 296 2952 adveniunt,
321 2882 429 2962 ciuibus
452 2893 498 2945 est
519 2903 613 2954 mens,
637 2886 774 2956 valitudo,
798 2885 882 2946 fides

77 2967 178 3036 Scitis,
201 2969 241 3027 ait
263 2967 409 3038 Priamus,
433 2969 541 3049 quibus
563 2972 648 3030 istam
672 2972 796 3032 Graecia
819 2968 939 3047 probris
990 2979 1042 3029 200

116 3051 223 3113 difecit
245 3052 380 3130 patriam,
403 3071 458 3113 nos
481 3053 650 3115 tribulando
672 3053 780 3134 palam.
896 3080 899 3085 ·

74 3136 151 3197 Dum
174 3136 304 3207 memini,
328 3139 501 3198 meminisse
523 3139 615 3218 pudet
637 3145 759 3218 paterna
783 3140 896 3218 rapina,

96 3220 169 3303 list
192 3230 277 3299 pater
300 3222 423 3292 occisus,
448 3233 533 3303 capta
555 3222 662 3285 tenella
684 3242 780 3285 soror.

80 3337 278 3348 ——..—--

143 3390 203 3440 265.
213 3388 282 3439 Mac.
295 3394 381 3441 certa.
425 3392 483 3447 269.
494 3407 508 3442 e
521 3394 646 3456 margine
657 3408 706 3457 pro
718 3392 847 3444 silenter.
901 3392 961 3444 283.
971 3390 1043 3448 Msc.

75 3455 271 3508 Ancbidiadea.

822 3541 863 3596 (ᾖ
998 3568 1001 3573 .
