2378 3810
365 243 370 251 ,
423 189 484 238 rau.
503 189 534 238 u.
565 205 593 239 v.
614 191 755 241 ror-tes.

109 340 241 403 lllorihus
264 341 413 408 humores,
437 356 537 400 mores
559 338 736 401 humoribus
758 345 819 420 apti

151 424 265 484 Indicio
288 424 401 503 physici
425 423 626 484 discutiuntur
648 423 705 484 ibi:
797 443 798 447 ¹

110 509 216 570 Pulsus
239 518 268 568 et
290 512 386 569 urina.
421 507 551 567 Primum
575 526 646 588 ergo
669 509 780 568 nociva
795 511 929 588 requirit,

151 593 224 664 Ouid
249 601 352 652 natura
377 591 443 651 mali
468 595 586 668 cogitet,
612 592 660 652 illa
684 593 754 654 duo.

111 678 152 739 dd
177 680 251 737 lines
272 677 400 737 transire
423 677 497 735 duos
519 678 663 755 sapientia
687 678 784 739 fertur

153 763 191 822 Ut
213 762 252 820 sit
273 760 362 820 homo
385 778 474 821 sanus
496 777 633 839 corpore,
656 768 756 821 mente
778 762 868 822 seius.

111 846 184 905 Hine
208 843 352 922 estquod
376 843 495 923 physica
519 844 555 904 de
577 854 691 924 septem
715 862 773 904 non
797 848 855 907 erit
877 863 944 914 una,

154 930 210 990 Sed
234 927 431 989 subdividitur
453 929 522 989 hine
544 931 636 1006 vigor,
659 929 728 989 iude
752 927 842 990 valor.

109 1015 148 1074 Se
171 1020 250 1073 rotat
271 1015 301 1071 in
325 1012 423 1072 medio
446 1011 581 1073 fortunae
602 1013 683 1083 luna,
706 1015 858 1090 recreseit,

154 1097 304 1157 [torrescit
325 1099 423 1180 varias
445 1094 639 1157 orbiculando
662 1099 752 1161 vires

108 1183 224 1256 Regnat
244 1179 419 1247 Alexander,
443 1179 550 1240 Darius
573 1181 767 1258 regnantia
790 1183 849 1242 imo

151 1263 302 1324 Balthasar
325 1271 370 1323 est
392 1265 513 1342 positus,
537 1267 632 1342 surgit
655 1265 690 1324 ad
714 1275 791 1326 astra
815 1266 915 1344 Cyrus.

110 1347 280 1426 Philosophi
303 1347 454 1408 calcantur
476 1349 527 1418 ihi,
551 1351 683 1411 calcatur
706 1349 854 1419 honestas,

152 1432 299 1493 Virtutum
321 1432 420 1494 videas
442 1440 583 1512 quattuor
605 1435 648 1493 ire
670 1436 741 1495 vias.

108 1516 239 1578 Solvitur
260 1518 290 1576 in
313 1519 416 1584 risum,
440 1524 539 1578 tamen
563 1520 696 1579 insinuat
718 1519 782 1579 sine
804 1521 868 1579 risu

152 1603 246 1666 Seria,
270 1601 349 1676 quod
372 1619 467 1680 prope
490 1620 522 1661 se
545 1603 627 1679 virgo
649 1611 750 1680 tapete
772 1601 860 1662 videt.

108 1685 176 1744 Sola
200 1688 310 1746 statio
335 1692 435 1745 moute
458 1686 607 1761 carpendo
629 1685 722 1745 vireta
746 1684 857 1762 capella

150 1770 192 1829 Ex
214 1770 365 1847 inproviso
387 1767 562 1846 prosiliente
585 1768 667 1846 lupo.

107 1853 154 1913 'lu
177 1871 236 1931 quo
257 1850 323 1929 jure
346 1870 420 1920 mea,
445 1851 534 1930 lupus
556 1853 665 1932 iuquit,
683 1871 790 1931 pascua
813 1852 949 1914 mordes?
993 1898 997 1904 .

151 1937 245 1999 Crede
267 1935 348 2005 mihi,
373 1939 431 1998 leui
454 1937 569 1996 nescia:
595 1955 682 2017 capra
705 1939 809 1998 reiert.
895 1949 899 1961 '

108 2025 145 2081 At
168 2020 255 2100 lupus
277 2024 425 2081 intonuit:
449 2020 557 2082 reddes
579 2022 712 2082 convivia
733 2020 825 2101 pelle;

153 2106 236 2167 Unde
257 2103 333 2166 levat
354 2105 429 2166 tales
451 2105 524 2167 haec
547 2105 741 2167 tremebunda
762 2124 882 2186 preces:

109 2191 302 2250 Praeventam
326 2199 451 2251 mortem
476 2193 575 2252 missis
597 2190 728 2251 concede
750 2192 876 2261 duabus,

150 2275 212 2334 Una
236 2275 299 2342 tibi,
324 2274 457 2336 domiue!
481 2278 576 2353 prosit
600 2283 629 2334 et
652 2292 709 2334 una
733 2275 816 2335 mihi.

108 2358 175 2428 Fae,
199 2362 250 2420 ait.
280 2359 330 2419 llla
355 2361 434 2419 cauit
456 2358 549 2419 altum
572 2358 710 2436 diapente
733 2361 902 2435 caprizans;

149 2444 239 2504 nituit
260 2442 358 2522 opilio,
377 2441 550 2520 prosiluere
572 2459 670 2502 canes.

108 2526 160 2588 Cui
184 2524 273 2605 lupus
295 2527 462 2602 aullugieus
485 2531 605 2602 poteras
626 2523 742 2603 legisse,
767 2525 911 2595 canellas3

151 2611 215 2670 Non
239 2609 309 2670 mihi
332 2611 385 2670 sed
407 2616 511 2668 cantus
532 2609 643 2689 proluit
665 2608 715 2670 ille
738 2609 801 2670 tibi.

109 2695 179 2753 Plus
201 2695 249 2754 alii
275 2712 328 2771 pro
350 2700 380 2753 te
402 2712 490 2774 quam
514 2701 546 2754 tu
568 2693 623 2755 tibi
647 2696 770 2755 credere
794 2695 864 2764 uoli,

151 2778 207 2847 Qui
229 2776 285 2837 tihi
308 2777 455 2847 dormitat,
479 2779 534 2839 soit
556 2779 679 2857 vigilare
703 2778 771 2839 sibi.

107 2864 198 2931 hilari,
222 2860 391 2931 mendaces,
415 2861 590 2931 balatrones.
615 2863 671 2924 hoc
694 2879 787 2940 genus
809 2881 898 2923 omne

150 2947 269 3008 Ludunt
292 2948 324 3006 iu
347 2945 424 3014 talis,
441 2947 590 3025 amphora
614 2950 711 3009 cincta
735 2947 839 3024 niphis.

176 3199 233 3250 117.
251 3197 361 3264 Margo:
390 3199 429 3248 Hi
457 3204 595 3264 ponuntur
621 3215 675 3250 non
700 3201 766 3263 quia
788 3205 853 3250 ante
875 3203 1002 3265 tempore
1019 3200 1071 3250 illa

108 3264 226 3327 luerint,
256 3264 305 3315 sed
331 3267 398 3329 quia
425 3266 524 3330 gannit
554 3266 761 3316 similitudinem
780 3267 895 3317 aliorum
918 3273 947 3317 et
963 3267 1070 3322 talium.

109 3331 165 3381 136.
183 3334 270 3382 Anon.
288 3332 384 3384 Nevel.
404 3350 430 3399 p.
449 3336 498 3384 oet
516 3334 565 3384 lin.
586 3335 627 3384 11.
697 3336 756 3384 137.
774 3334 886 3384 Horatii
904 3348 984 3389 serm.
1002 3335 1025 3397 1,
1044 3337 1069 3396 2,

107 3401 132 3460 3,
150 3399 199 3449 uiri
216 3403 308 3449 tamen
326 3401 432 3455 mimae.
503 3403 560 3455 138.
587 3400 703 3454 Sensus:
721 3399 750 3449 hi
768 3401 875 3465 ludunt,
895 3403 1004 3452 interea
1023 3403 1072 3452 ad·

108 3471 235 3530 portatur
253 3467 388 3532 amphora
411 3468 523 3533 scyphis
546 3468 647 3518 einata.
692 3488 700 3498 ²
