2378 3810
112 161 173 224 Mt
411 162 770 217 mevmam

109 316 166 375 Tot
188 316 290 394 positis
312 314 445 374 numeris
468 315 556 376 etiam
578 316 705 375 sortasse
727 316 866 394 requiris,

153 399 282 460 Currere
306 399 458 459 versiculis
481 408 554 476 quot
576 398 652 459 liber
673 401 728 459 iste
753 400 834 460 vetit:

110 483 160 543 Bis
182 483 267 544 denis
290 482 364 542 adde
388 490 433 542 tor
456 492 576 543 centum
599 483 687 543 miliia
711 484 851 563 quinque,

154 566 216 627 Hoc
238 584 362 627 numero
385 576 485 628 textus
509 570 621 628 texitur
644 568 809 628 historiae.¹

352 780 621 852 [comesturam
640 780 834 851 aauuuuup

110 904 133 964 rt
157 904 279 982 eampis,
302 903 354 963 ubi
376 901 464 982 Troja
488 905 554 972 suit,
578 903 731 964 discedere
753 905 849 965 victor

152 987 266 1065 Cogitat
289 996 318 1047 et
341 991 491 1066 propriam
515 992 610 1048 visere
633 989 763 1049 Graecus
785 987 924 1057 humum;

111 1071 185 1132 Tota
208 1071 369 1142 terebatur,
394 1090 551 1132 numerum
575 1089 651 1148 quae
673 1074 756 1152 copia
779 1073 857 1140 vicit,

152 1156 195 1216 td
218 1152 347 1216 latebras
369 1159 477 1217 ratium
501 1157 608 1235 praeda
632 1156 763 1217 vehentia
788 1157 919 1217 domum.

111 1239 258 1300 Redditur
280 1242 393 1301 interea
416 1240 549 1300 Menelao
572 1248 652 1304 casta
676 1239 787 1301 locusta

152 1325 307 1385 deteriore
330 1333 406 1384 statu
429 1333 534 1403 sponte
554 1323 651 1401 jocata
675 1327 733 1385 diu.

109 1408 251 1469 Foemiua
275 1408 363 1484 digua
386 1411 461 1468 mori
484 1408 656 1469 redametur
679 1428 779 1470 amoro
802 1411 896 1488 priori

151 1491 274 1552 Reddita
299 1494 404 1552 victori
428 1491 597 1572 delitiisque
620 1495 686 1552 tori.

112 1576 203 1636 Saeva
226 1575 305 1656 quod
329 1577 437 1645 evadis,
460 1593 519 1636 uuu
542 1576 650 1638 tradita
674 1587 773 1637 cetera
797 1577 899 1645 tradis,

152 1659 211 1721 Cur
227 1678 284 1735 ¹rea
308 1668 340 1720 tu
364 1660 453 1720 cladis
475 1679 534 1720 uou
558 1679 674 1741 quoque
698 1660 781 1721 clade
804 1661 895 1720 cadis.

110 1745 141 1804 Si
164 1745 259 1804 fueris
281 1743 349 1814 lota,
373 1746 398 1804 si
420 1747 478 1804 vita
502 1763 629 1825 sequens
653 1744 729 1806 horta
753 1754 810 1804 tota

150 1827 215 1889 Non
240 1830 299 1888 eris
321 1830 431 1905 ignota,
457 1847 515 1888 uon
540 1834 599 1890 eris
622 1829 733 1909 absquo
755 1840 835 1889 uoto.

108 1912 221 1973 Rumor
243 1912 279 1972 de
302 1915 396 1974 veteri
419 1913 506 1992 saciet
527 1922 649 1975 ventura
674 1915 782 1983 timeri,

153 1997 225 2057 Cras
247 1998 357 2076 poteris
379 1999 443 2057 tieri
466 1998 578 2077 perfida
602 2000 678 2060 siout
698 1999 772 2058 lieri.

109 2078 174 2149 Quo
197 2080 287 2140 semei
312 2089 357 2140 ost
378 2079 491 2142 imbuta
515 2100 631 2154 recens,
654 2082 783 2143 servabit
805 2082 937 2150 odorem,

150 2163 188 2223 Ut
210 2166 293 2244 quasi
315 2173 473 2225 coneretus
496 2169 534 2226 sit
557 2164 623 2232 sibi,
646 2175 721 2226 testa
744 2166 803 2226 diu.

110 2247 194 2318 Quod
218 2247 327 2326 pubem
352 2249 429 2309 virus
450 2249 615 2319 maculavit,
640 2259 726 2311 canet
748 2254 778 2310 iu
801 2249 875 2319 ditm

154 2334 185 2393 ln
209 2332 319 2409 quibus
341 2339 371 2392 et
392 2342 488 2409 canet,
511 2336 722 2395 convenienter
745 2335 823 2405 ohit;

109 2417 183 2477 Nam
206 2417 353 2477 medicina
376 2416 454 2486 silet,
478 2419 528 2478 ubi
553 2418 648 2479 morbi
672 2438 758 2480 eausa
782 2418 902 2488 diescit,

151 2502 282 2562 Horreut
304 2501 436 2562 admotas
460 2502 580 2563 vulnera
604 2504 694 2564 cruda
717 2522 832 2564 manus

108 2585 226 2645 'ioiiere
250 2586 393 2646 nodosam
416 2589 509 2647 noscit
532 2587 678 2649 medicina
702 2589 874 2667 podagram,

151 2669 213 2729 Neo
236 2669 289 2729 tibi
313 2677 483 2731 concretam
507 2675 590 2750 potio
614 2671 693 2733 nuda
717 2680 827 2733 uotam.
1025 2682 1076 2730 760

109 2823 312 2830 -—-————----——-

176 2906 232 2955 738.
252 2905 361 2968 Margo:
380 2910 497 2971 excepto
516 2907 655 2970 prooemio
675 2912 703 2957 et
716 2907 857 2971 capitulis.
893 2908 951 2956 753.
964 2906 1077 2972 Margo:

106 2971 222 3021 luoasta.
236 2971 353 3022 Helena.
407 2975 533 3024 rto-oo.
546 2975 662 3040 Benign.
681 2974 767 3025 excid.
786 2972 887 3039 Trojao
900 2975 1010 3037 25-30,
1029 2974 1077 3024 ubi

107 3045 200 3089 tamen
217 3055 243 3089 r.
257 3041 298 3090 25.
317 3055 366 3104 pro
383 3041 471 3090 nostri
489 3041 681 3104 ‚.redamatur“
700 3042 885 3105 „remestur“.
939 3042 996 3094 748.
1016 3043 1077 3093 cod.

108 3123 154 3156 eur
173 3122 219 3156 rea
237 3106 333 3157 cladis.
381 3109 438 3158 751.
457 3110 500 3162 57.
517 3108 634 3174 Bouigu.
654 3110 741 3160 excid.
762 3107 835 3173 Troj.
855 3113 896 3162 33.
915 3111 957 3170 34,
981 3114 1076 3160 tamen

106 3191 133 3224 v.
152 3176 184 3224 34
212 3175 344 3239 ,‚turpiu“
371 3191 419 3239 pro
447 3177 535 3225 nostri
558 3175 709 3241 ‚,portida“.
812 3179 871 3228 753.
898 3179 939 3229 54.
964 3176 1077 3228 Horatii

108 3247 180 3291 suut.
198 3241 286 3306 Epist.
304 3241 325 3299 1,
345 3243 370 3304 2,
389 3244 430 3296 69.
450 3245 490 3292 70.
560 3247 617 3294 757.
636 3260 730 3309 margo
750 3260 799 3310 pro
817 3245 946 3295 senescit.

107 3309 568 3372 ammemmamm
991 3361 993 3366 ,

177 3408 191 3432 .
242 3375 353 3426 Totiere
372 3376 503 3445 nodosam
521 3379 613 3428 noscit
631 3379 768 3428 medicina
787 3378 939 3444 podagram

266 3445 325 3496 Noe
344 3445 506 3498 formidatis
526 3446 672 3498 auxiliatur
692 3446 779 3512 aquis.
