2378 3810
433 160 497 212 Lib.
515 159 565 210 111.
600 175 626 213 v.
646 162 737 215 1-13.

428 311 540 374 alcun
564 311 738 372 TERTIUS.

261 423 450 503 acomoni*
468 423 650 479 CAPITULA
668 422 916 478 annullatam.

105 531 236 600 Tertius,
259 549 275 591 a
297 530 418 610 specula
440 529 612 610 speculatur
634 537 776 610 sextaque
797 546 895 608 pugna

106 617 208 695 Surgit
231 633 355 696 eamque
377 631 506 692 sequens
529 613 629 674 decies
651 622 752 674 manet
774 624 840 674 octo
863 612 985 674 diebus.¹

104 701 167 762 Pax
188 698 288 760 tribus
311 706 356 759 est
378 699 472 759 annis.
509 696 654 775 Pugnant.
692 696 877 758 Parmense
900 706 999 758 secuta
1016 704 1069 758 est.

105 784 189 928 pona
211 783 276 845 dies
297 799 396 862 pugna
419 784 546 844 iteratur
567 799 622 861 per
644 782 807 842 duodenos.

130 886 167 929 ax
188 884 242 946 per
264 867 414 927 tredenos.
452 865 508 926 llio
530 868 644 926 somnia
668 874 810 927 strenuus
830 864 940 926 Hector
1054 874 1069 923 a

106 951 237 1031 Despicit
259 953 371 1020 uxoris,
395 967 484 1028 quem
506 951 625 1010 saucius
645 951 754 1011 occidit
776 949 914 1012 Achilles.

106 1036 218 1114 Pugna.
256 1035 336 1096 Duos
358 1052 475 1095 menses
498 1044 545 1093 est
564 1052 631 1112 pax.
669 1033 717 1094 Fit
737 1052 790 1094 rex
812 1032 995 1095 Palamedes.

108 1119 325 1200 Triptolemum
348 1119 454 1180 sternit
475 1116 638 1195 Sarpedon.
682 1117 743 1177 Pax
765 1118 852 1178 datur
875 1135 962 1178 anno.

39 1202 42 1207 ’
107 1206 212 1265 bufert
233 1201 354 1264 Pelidae
376 1218 510 1281 pugnare
533 1201 680 1264 Pollrena.
720 1201 863 1280 Pugnant.

108 1287 293 1366 Deiphobum
316 1288 438 1366 perimit
460 1283 633 1346 Palamedes
655 1293 686 1345 et
706 1285 790 1346 Paris
811 1288 917 1362 ipsum.
1039 1294 1071 1342 10

345 1453 592 1515 EXPLIOIUNT
622 1453 833 1514 CAPITULA.

364 1587 504 1638 monor
521 1587 634 1637 monn
650 1586 814 1641 ruamus

299 1716 448 1772 HELENA
469 1718 492 1772 E
510 1717 615 1772 MURO
639 1715 882 1772 SPECULATUR.

109 1824 204 1895 Quam
224 1824 314 1884 timor
336 1822 472 1892 obnubit,
494 1841 555 1883 non
579 1829 624 1883 est
645 1823 761 1882 sincera
785 1821 933 1900 voluptas;

151 1907 210 1968 Res
232 1915 277 1969 est
299 1905 418 1968 solliciti
441 1906 529 1985 plena
551 1908 668 1969 timoris
690 1923 783 1966 amor.

111 1995 134 2054 Α
157 1989 277 2070 specula
299 1990 452 2070 speculum
476 1990 633 2070 speculans
654 1989 814 2051 inamabile
836 1988 919 2050 belli'
979 2012 982 2017 ·

151 2074 253 2135 Turba
274 2074 416 2152 puellaris
439 2083 496 2136 stat
518 2073 704 2153 gemebunda
726 2076 806 2135 salis.

110 2158 330 2240 Operiebantur
351 2167 489 2220 eventum
512 2159 613 2220 llartis
636 2168 666 2220 et
688 2158 724 2219 ad
743 2175 831 2235 quem
1054 2165 1070 2214 o

151 2243 293 2304 Bellonae
314 2245 422 2304 victrix
443 2243 489 2303 ala
512 2242 611 2305 volare
635 2242 711 2305 velit.

109 2328 164 2388 llic
185 2345 240 2406 pro
263 2325 371 2389 dilecto
393 2329 484 2405 gemit
506 2330 592 2388 anxia
616 2344 752 2406 quaeque
773 2328 888 2393 marito,

152 2411 285 2489 Corpore
306 2412 350 2472 vir
372 2429 512 2490 pugnam,
536 2412 626 2472 corde
648 2409 748 2490 puella
771 2416 863 2488 parat.

110 2494 216 2557 Stabat
237 2503 267 2555 et
288 2494 338 2555 bie
360 2495 473 2557 Helena
495 2495 678 2574 speculando
701 2495 834 2570 duosque
857 2493 979 2552 maritos

151 2580 232 2641 lctus
252 2579 427 2640 horrisonos
449 2578 626 2640 alterutrare
649 2579 736 2639 videt.
801 2642 804 2647 ,
1041 2585 1073 2634 10

109 2662 182 2725 Plus
203 2665 235 2723 in
251 2661 405 2725 'adulterio
427 2671 567 2744 tanquam
589 2662 698 2725 lasciva
720 2663 852 2724 favorem

153 2746 247 2817 Quam
270 2747 327 2808 sibi
350 2765 492 2809 concesso
513 2748 643 2808 lerverat
664 2745 713 2807 illa
737 2746 832 2807 thoro.
879 2792 887 2800 .

109 2830 240 2893 Nitimur
262 2831 293 2892 in
316 2833 438 2893 vetitum
460 2850 579 2915 semper
602 2833 797 2910 cupimusque
820 2837 936 2907 negata,

157 3032 203 3112 .⁶'
239 3032 455 3125 supsr‘pcriptum
480 3033 580 3083 verbo:
612 3037 701 3086 occat.
773 3033 797 3082 l.
834 3031 941 3094 Pugna.
976 3029 1075 3095 Super-

109 3098 353 3233 ⁸⁰¹¹⁹1tf²dnissd
371 3165 508 3217 novenae
525 3183 551 3232 p.
569 3168 628 3222 aaa.
646 3167 694 3218 lin.
712 3169 735 3217 a.
756 3169 803 3218 10:
888 3225 890 3230 ,

213 3234 300 3296 Quem
317 3235 400 3285 timor
418 3233 535 3285 obnubit
552 3249 606 3285 non
625 3240 668 3285 ast
685 3235 795 3284 sincera
812 3232 940 3296 voluptas

245 3300 307 3352 Non
325 3305 370 3353 est
386 3300 509 3352 sollicito
527 3301 614 3353 dulcis
632 3302 661 3350 in
680 3317 727 3352 ore
746 3301 833 3352 cibus.

110 3369 134 3418 2.
154 3383 261 3434 margo:
281 3368 345 3419 ideo
363 3369 415 3419 boc
433 3367 495 3420 dico
513 3367 585 3433 qood
603 3384 658 3419 rea.
678 3368 772 3420 Ovidii
790 3373 842 3419 est.
860 3364 1014 3428 Heroid.1‚
1033 3366 1076 3418 12.

38 3483 53 3506 0
112 3438 153 3488 12.
181 3433 277 3487 firmat.
364 3439 404 3489 13.
442 3434 492 3486 0v.
510 3437 600 3487 Amor.
626 3436 677 3496 111,
695 3438 722 3495 4,
742 3437 783 3487 17.
1143 3444 1145 3447 '
