2378 3810
422 152 523 222 uiuri.
559 170 584 210 v.
603 156 746 209 319-348.
1023 152 1064 217 21

99 311 208 372 Laetus
230 308 261 368 in
284 324 367 368 arma
389 310 458 368 veni
480 325 536 368 nee
558 307 668 382 lentus,
690 325 808 387 semper
831 310 863 368 in
885 308 958 379 istis,

142 393 174 454 Si
195 391 273 453 bene
296 400 324 453 te
347 393 423 462 novi,
446 409 531 453 mens
553 399 616 452 erat
639 400 706 471 apta
729 390 793 453 tibi.
884 421 888 426 -
1014 401 1067 451 320

99 476 184 551 Quod
208 483 259 538 tua
282 484 311 536 te
333 479 428 537 virtus
451 479 532 537 iuret
554 484 584 537 et
606 477 762 555 sapientia,
787 475 876 536 credo

141 562 242 641 Turpe
265 578 320 621 nec
343 568 388 621 est
409 559 461 620 tali
483 557 658 621 credulitate
681 561 755 638 capi.

99 647 224 727 Saepius
246 654 402 724 expertum
425 645 496 705 iacit
519 646 699 724 experientia
723 656 846 715 certum,

139 731 184 794 tid
208 747 311 791 causas
332 736 418 790 notas
441 737 487 790 est
508 728 645 790 dubitare
667 730 759 794 nolas.

98 815 217 885 Laetus,
241 815 290 882 ait,
314 814 446 882 veniam;
470 831 526 874 nec
548 832 596 874 me
619 812 703 875 labor
725 813 774 875 ille
796 813 941 893 gravabit,

140 900 234 960 Maior
257 897 294 958 ab
317 900 417 959 occiso
440 916 525 959 mens
547 897 620 959 mihi
644 898 752 959 crescit
775 917 837 959 avo.

97 984 244 1045 Provocat
265 982 412 1063 Hesyone,
436 982 563 1061 praedae
586 982 732 1050 violentia,
756 989 879 1061 strages,

141 1068 289 1146 Multaque
313 1084 388 1146 quae
411 1068 505 1127 nostri
528 1067 698 1127 sustinuere
721 1066 860 1147 Phryges

99 1153 132 1212 si
153 1150 259 1232 placet,
282 1151 349 1222 ibo;
373 1149 443 1212 licet
465 1150 538 1210 milri
561 1168 617 1210 nec
639 1151 794 1230 prudentia
819 1151 927 1212 meritis

141 1235 202 1298 Nec
224 1234 299 1297 milri
322 1239 360 1297 sit
382 1236 474 1296 virtus
497 1237 640 1314 corporis,
664 1234 715 1295 ibo
738 1242 846 1302 tamen.

99 1320 180 1392 Quae
202 1329 307 1401 potero
330 1321 444 1390 faciam,
468 1320 519 1381 sed
542 1320 768 1399 praemeditatio
791 1337 889 1381 rerum

122 1405 236 1485 ,Saepe
258 1403 338 1466 hono
361 1422 479 1466 causam
504 1405 644 1466 claudere
666 1406 725 1466 irne
747 1404 832 1466 solet.

97 1488 285 1568 Principium
308 1492 458 1569 finemque
481 1492 527 1549 rei
548 1489 708 1568 prudentia
731 1498 844 1570 spectat

140 1573 197 1645 Qui
218 1575 309 1634 nimis
332 1581 376 1634 est
398 1582 480 1636 tutus
502 1575 576 1635 retia
598 1573 664 1654 jure
687 1574 775 1636 subit.

98 1659 163 1721 Non
187 1665 232 1720 est
254 1661 356 1737 ignota
378 1676 440 1719 res:
465 1667 510 1720 est
532 1661 675 1736 sapientia
699 1660 830 1730 Graecis,

141 1743 277 1805 Consiliis
299 1742 424 1814 inhiant,
449 1760 519 1804 ense
541 1761 690 1823 manuque
711 1742 809 1805 valent

97 1828 235 1890 Protinus
257 1833 291 1887 ut
312 1835 447 1888 nostrum
471 1834 568 1889 movet
590 1826 648 1888 illis
671 1827 791 1888 dextera
814 1827 935 1900 hellum,

140 1911 206 1974 Non
229 1919 300 1991 puto
324 1914 395 1989 quin
418 1912 520 1991 plures
542 1910 721 1974 auxilientur
745 1913 803 1984 eis;

99 1997 217 2058 Vicinos
239 1996 369 2073 aliosque
393 1996 483 2058 duces
504 1997 691 2076 populosque
714 1995 836 2059 ciebunt

141 2081 311 2143 Occurrunt
333 2080 420 2141 nobis
442 2080 473 2141 hi
497 2081 575 2142 velut
599 2082 676 2144 unda
699 2083 797 2143 maris.

97 2165 188 2236 aude,
214 2164 292 2242 quod
315 2163 434 2226 inbellis
456 2184 511 2245 pro
534 2165 736 2228 dissuetudine
758 2165 828 2229 belli

139 2250 226 2311 Extat
248 2248 345 2310 adhuc
366 2251 446 2320 Asia.
470 2250 617 2313 desidiosa
641 2253 740 2328 quaese

98 2333 164 2395 Non
186 2334 229 2395 sic
251 2333 385 2412 Europa;
409 2352 527 2414 semper
549 2335 667 2397 sudavit
687 2339 717 2396 in
741 2337 844 2404 armis;

139 2417 249 2480 Bellica
272 2419 412 2479 nimirum
437 2419 557 2481 brachia
580 2419 656 2480 bella
680 2421 787 2481 sciunt.

97 2502 173 2564 Hinc
196 2503 318 2564 Graecis
341 2501 435 2564 valida
458 2513 528 2567 sunt
550 2522 641 2574 arma,
664 2503 812 2583 probatio,
835 2502 928 2566 multa
1014 2513 1064 2564 345

139 2585 250 2649 Classis
273 2589 325 2658 eis,
349 2587 436 2650 nobis
458 2589 561 2650 inclita
583 2587 662 2650 nulla
685 2591 768 2650 ratis.

96 2671 135 2731 lit
155 2670 226 2732 licet
249 2673 372 2734 eximias
394 2673 552 2753 protendat
574 2673 697 2734 Graecia
721 2675 808 2745 vires,

138 2754 201 2826 Ibo,
225 2772 284 2835 quo
307 2758 331 2817 si
354 2765 385 2819 tu
409 2776 456 2818 me
478 2765 564 2838 pater
586 2758 631 2818 ire
651 2755 747 2835 jubes.

97 2908 302 2918 ——m

164 2991 221 3046 ³22.
240 2989 333 3042 Ovidii
356 2995 399 3041 eat
419 3007 452 3042 ex
470 2993 551 3043 Pont.
571 2992 594 3056 1,
615 2994 637 3055 1,
655 2995 698 3047 44.
779 2995 837 3045 325.
855 2991 951 3043 ultima
969 3008 1065 3046 verene

93 3071 160 3175 pare
179 3061 222 3109 est
239 3058 338 3122 Virgil.
357 3059 423 3110 Aen.
442 3059 478 3124 11,
497 3061 555 3112 708.
634 3062 692 3111 331.
711 3063 754 3114 32.
770 3060 884 3112 Alanus.
903 3060 1063 3113 Anticlaud.

120 3125 158 3176 ib.
176 3125 205 3177 11
224 3124 260 3191 (p.
280 3125 324 3190 24)
342 3126 391 3177 lin.
410 3127 426 3176 8
444 3128 479 3179 ab
497 3127 584 3177 infra:
608 3127 724 3193 finisque
747 3129 825 3180 beati
843 3129 943 3180 Gratia
960 3130 1065 3196 princi·

93 3191 148 3258 piis
167 3207 274 3259 semper
292 3193 441 3260 respondet
458 3194 591 3247 honestis.
662 3198 719 3251 333.
737 3196 876 3264 Pamphil.
893 3196 982 3261 XVII,
1002 3200 1017 3249 7

190 3260 373 3327 Principium
391 3261 527 3326 finemque
547 3263 629 3314 simul
646 3264 826 3328 providentia.
844 3269 961 3332 spectat.

94 3327 153 3378 834.
174 3327 309 3393 Anonym.
332 3329 429 3381 Nerei.
454 3346 480 3395 p.
499 3330 557 3381 501.
577 3329 625 3381 lin.
646 3333 670 3383 2.
752 3335 809 3386 339.
827 3347 924 3383 manus
947 3332 1064 3396 entique

93 3393 123 3444 in
140 3395 263 3461 margine
281 3412 331 3462 per
348 3396 513 3462 ‚,citabunt“
533 3397 662 3463 explicet.
