2378 3810
419 161 480 211 uro.
498 161 544 212 vr.
580 175 606 210 v.
624 161 768 220 413-43‘1.
893 212 901 221 ,
1017 155 1076 220 181

111 315 202 375 Tecta
222 315 364 383 lremnnt,
388 320 510 374 resonat
532 329 657 389 magnus
680 309 873 389 plangoribus
895 310 1008 380 aether,

153 398 291 459 Territus
313 397 382 459 hinc
407 399 484 474 vagit
507 398 611 457 matris
633 398 665 456 in
688 413 739 455 ora
762 413 852 475 puer:

111 483 280 545 Foemincis
302 500 404 543 omnes
428 479 541 541 ululant
563 478 747 558 plorantibus
769 479 866 550 aedes,
1028 488 1077 536 415

153 566 265 641 Cuncta
287 566 390 628 dolore
412 567 490 643 lugit
512 563 675 625 exhilarata
697 565 800 643 quies;

112 651 200 713 llxilit
222 652 270 712 bic
294 651 400 720 nudus,
425 650 476 710 bic
497 651 594 727 prima
617 656 697 709 veste
719 655 873 716 reuactus;

154 736 323 797 Occurrens
345 736 463 796 Danaus
486 732 616 811 perfodit
638 750 708 793 ense
730 732 818 793 latus.

112 818 252 882 Foemina
276 818 353 880 nuda
377 819 445 880 salit
467 836 483 877 e
506 816 593 887 lecto,
618 819 664 877 vix
687 816 765 877 bene
788 815 903 896 prolem

155 904 275 991 Arripit,
299 915 369 964 ante
391 903 484 963 larem
508 920 568 962 non
592 903 680 970 venit,
704 903 762 961 icta
785 901 871 961 cadit.
1029 910 1079 958 420

112 986 165 1049 llle
188 987 234 1047 vel
257 987 306 1048 illa
331 994 418 1067 caput
437 984 497 1065 y'am
523 1003 616 1064 paene
639 985 794 1055 levaverat,
817 987 913 1061 Argus

154 1070 286 1142 Advolat,
310 1075 341 1132 in
365 1079 465 1148 partes
487 1070 622 1131 membra
645 1068 739 1130 levata
761 1077 856 1138 secat;

111 1155 249 1217 lllembra
270 1155 347 1216 levat
369 1157 479 1216 sensim
504 1152 553 1214 vili
576 1153 703 1214 demissa
726 1153 850 1231 grabato

155 1238 298 1302 Servulus
321 1249 350 1301 et
372 1247 475 1300 venter
497 1238 644 1299 scinditur
666 1256 737 1298 ense
760 1255 841 1298 suus.

111 1324 281 1404 Enbipedat
302 1342 356 1403 pes
378 1325 529 1398 attonitus,
552 1323 619 1400 quia
642 1322 712 1382 dum
735 1321 817 1399 lugat
838 1320 887 1381 ille
1029 1330 1079 1379 425

155 1408 261 1471 Obviat
283 1408 342 1478 hic,
368 1410 463 1468 nescit
485 1426 543 1486 quo
567 1406 737 1467 moderatur
759 1409 827 1467 iter.

113 1492 189 1554 llum
212 1492 326 1572 gladios
348 1492 474 1570 lugiunt,
499 1491 604 1568 gladiis
626 1493 656 1551 in
680 1493 815 1551 acumina
838 1500 964 1551 currunt

155 1576 192 1636 m
213 1585 339 1638 mortem
363 1583 488 1654 generat
510 1578 616 1635 mortis
637 1575 747 1654 ubique
769 1575 878 1652 luga.-

113 1661 187 1722 Cum
209 1662 331 1739 planctu
354 1659 451 1721 luctus
474 1667 503 1720 et
525 1657 651 1739 plurima
674 1660 778 1719 mortis
801 1662 899 1736 imago

154 1745 291 1807 Nascitur
314 1752 342 1804 ct
365 1744 438 1805 nulli
461 1762 493 1803 se
515 1761 655 1804 revocare
679 1743 774 1803 datur.
1030 1753 1080 1801 430

111 1830 232 1892 Hostica
254 1847 309 1908 per
329 1836 421 1890 lotam
446 1828 621 1889 dillnnditur
643 1826 715 1888 ultio
738 1825 869 1905 Trojam,

154 1914 283 1994 Rumpia
305 1913 436 1974 crudelis
458 1914 517 1974 lert
539 1931 632 1990 genus
655 1929 743 1971 omne
765 1913 855 1971 necis
884 1911 891 1922 ’

113 1997 232 2059 Penelei
250 1988 369 2078 juvenis
392 1998 500 2057 cecidit
521 2014 665 2063 mucrone
688 1994 840 2057 Coroebus

152 2082 213 2144 Nec
235 2091 353 2162 poterat
374 2082 538 2160 supplicem
561 2082 633 2142 luno
655 2079 757 2159 juvare
780 2080 884 2149 virum,

109 2167 167 2228 Iste
189 2184 297 2247 procus
320 2167 417 2227 iuerat
437 2165 628 2233 Cassandrae,
652 2164 739 2244 cujus
762 2183 862 2226 amore
1026 2173 1078 2222 435

153 2253 281 2312 Venerat
302 2247 334 2311 in
357 2268 497 2331 pugnam,
521 2259 587 2329 post
609 2249 767 2310 babituros
791 2267 864 2309 eam.

113 2335 225 2397 Conbxi
248 2343 375 2413 pereunt
397 2335 586 2414 Hypanisque
609 2334 784 2413 Dymasque,
808 2351 864 2392 nec
888 2331 967 2392 ullus

181 2470 238 2520 413.
258 2469 335 2534 Virg.
355 2466 421 2519 Aen.
439 2469 487 2530 IV,
505 2469 564 2519 668.
632 2469 691 2517 414.
712 2466 791 2521 Ouid.
810 2468 889 2516 Fatsl.
908 2466 956 2529 IV,
974 2467 1025 2517 208

313 2533 403 2587 'l'ubus
421 2539 451 2584 ul
468 2535 571 2584 infanti
588 2536 685 2598 vagiat
702 2550 749 2585 ore
769 2550 840 2600 puer.

57 2651 64 2665 ,
113 2605 172 2654 415.
190 2605 269 2668 Virg.
288 2599 356 2654 Aen.
375 2604 412 2665 11,
431 2604 489 2652 487.
509 2604 542 2652 88
906 2631 908 2635 ⁴

213 2740 236 2787 F
261 2672 525 2786 ”·-·pe¹1¹it1u⁸‘{u⁰
544 2684 628 2719 cavae
647 2669 828 2736 plangoribus
848 2668 930 2720 aedes

237 2754 253 2788 o
270 2753 367 2788 mrners
385 2753 402 2786 u
415 2753 432 2786 u
444 2752 499 2787 au.

109 2808 169 2857 417.
188 2753 274 2859 schol.
295 2805 488 2857 circumdatur.
541 2805 601 2854 422.
622 2821 636 2854 e
655 2806 780 2870 margine
798 2819 860 2868 pro:
878 2807 975 2855 secata
995 2804 1081 2856 levat.

109 2872 279 2924 41181101.
303 2871 455 2923 dubitando
477 2870 555 2922 vadit
578 2875 606 2922 et
625 2871 726 2922 dicitur
745 2874 780 2923 ab
800 2887 833 2922 en
853 2871 926 2935 quod
943 2875 986 2921 est
1004 2873 1032 2920 in
1052 2876 1081 2920 et

39 2970 42 2975 -
110 2941 154 2990 bis
172 2944 274 3006 elpes.
342 2942 400 2990 429.
419 2940 495 3003 Virg.
514 2937 582 2988 Aen.
601 2939 638 3000 ΙΙ,
658 2941 708 2990 368
868 2995 873 3002 ,

99 3032 102 3037 -
466 3031 499 3040 -
517 3032 549 3042 -
569 3007 688 3057 crudelis
707 3008 808 3071 ubique

228 3074 334 3126 Luctus
353 3075 454 3139 ubique
473 3088 561 3138 pavor
579 3080 608 3123 et
626 3074 743 3140 plurima
761 3074 856 3124 mortis
874 3074 967 3139 imago

108 3142 168 3194 432.
187 3146 281 3193 textus
299 3142 413 3207 praebet
430 3140 569 3205 romphea,
587 3140 604 3192 i.
624 3157 647 3198 e.
664 3140 833 3207 rhomphaea
850 3156 900 3206 pro
919 3155 974 3205 qua
992 3141 1082 3191 forms

110 3209 254 3288 posuimus
273 3210 387 3260 latinam
405 3209 522 3259 formam
541 3210 656 3273 rumpia.
717 3212 776 3263 433.
793 3209 869 3272 Virg.
887 3209 956 3259 Aen.
974 3209 1012 3270 11,
1030 3209 1080 3257 341

105 3278 271 3343 juvenisque
298 3277 447 3328 Coroebus.
501 3274 616 3326 Penelei
644 3277 748 3327 dextra.
870 3278 930 3330 tot.
955 3291 978 3326 e.
1003 3275 1079 3340 Virg.

109 3344 178 3398 Aen.
196 3344 232 3404 11,
250 3346 300 3396 428
369 3371 400 3379 -
419 3367 452 3378 -
471 3348 586 3407 pereunt
603 3343 781 3410 Hypanisque
800 3343 960 3409 Dymasque

331 3410 438 3462 Confixi
456 3426 473 3459 a
491 3411 578 3460 sociis

110 3479 251 3545 posuimus
269 3495 318 3544 pro
337 3479 424 3529 nostri
442 3478 528 3528 codic.
550 3477 735 3544 Hispanisque
753 3479 912 3543 donesque.
