2378 3810
427 181 489 232 Lib.
509 183 531 234 I.
566 199 591 237 v.
611 183 755 235 758-788.

108 331 232 397 Advolat
252 332 404 411 Euryalus,
428 353 495 394 cum
519 333 691 413 Tlepolemo
714 335 879 405 Diomedes,

153 418 253 489 Quini,
277 435 352 496 ques
374 426 492 494 peterat
513 418 603 479 'lrcia
629 423 743 489 timere,
769 421 834 479 viri.

108 503 148 564 lii
171 503 307 581 Spartam
330 503 461 569 veniunt.
485 500 594 581 injuria
617 504 695 564 lacta
718 505 842 572 recedit,

152 586 184 646 ln
207 596 295 665 caput
317 588 461 665 ipsorum,
486 591 537 664 qui
560 606 707 656 meruere,
732 589 840 650 lerunt.

108 672 167 732 Per
190 670 319 732 Graecas
342 671 431 731 urbes
453 690 511 731 ncn
536 690 647 750 paucus
670 675 793 733 nuntius
815 673 877 743 ibit,

151 755 204 816 Est
225 773 309 834 epus,
334 764 366 815 ut
387 754 497 816 factum
520 756 644 816 Graecia
668 765 728 816 tcta
752 759 833 817 sciat.

110 842 197 900 Arma
220 836 420 904 molebantur
441 859 496 918 per
518 849 608 901 totam
635 841 738 901 llnrica
763 851 884 912 terram,

152 925 302 985 Sustineat
324 926 459 985 meritam
482 925 570 985 'l'rcia
594 926 722 1002 superba
745 926 848 986 vicem.

109 1008 236 1086 Expedit
258 1010 372 1068 interea
397 1009 535 1070 labricari
560 1009 638 1069 mille
662 1011 795 1082 carinas;

154 1093 240 1153 lenti
264 1110 323 1154 nan
347 1096 461 1154 erimus
483 1112 537 1172 per
560 1096 649 1153 maris
672 1096 717 1154 ire
740 1097 812 1163 vias,

110 1177 326 1240 Genducendus
348 1180 405 1237 erit
427 1179 585 1247 exercitus
609 1196 689 1238 arma
714 1180 853 1254 paranda,

153 1262 274 1322 Diverso
297 1261 400 1322 classis
423 1271 468 1322 est
490 1265 640 1322 oneranda
665 1262 740 1322 cibe.

110 1345 162 1406 Est
184 1348 328 1407 exercitui
351 1355 439 1422 caput
461 1366 553 1407 unum
576 1347 821 1425 praeficiendum,

152 1430 194 1491 td
218 1439 321 1490 nutum
346 1433 430 1491 cuius
452 1451 539 1492 cmne
562 1442 684 1508 regatur
706 1450 791 1492 onus.

110 1512 170 1576 Nos
193 1531 312 1594 quoqne
336 1515 479 1576 debemus
502 1519 572 1576 lctis
594 1515 770 1576 incumbere
792 1518 893 1582 remis,

153 1599 190 1660 Ut
212 1600 281 1677 ligat
303 1599 463 1678 Phrygium
487 1601 587 1660 lancea
611 1609 711 1661 nostra
736 1599 841 1660 salum.

110 1683 232 1744 Scilicet
253 1683 385 1744 adversis
409 1683 542 1762 probitas
564 1687 692 1744 exercita
717 1684 808 1744 rebus

153 1767 243 1828 'lristi
265 1769 418 1829 materiam
441 1776 573 1847 tempore
598 1769 691 1828 laudis
714 1767 814 1828 babet.

267 1913 504 1970 AGAMEMNON
521 1913 646 1970 REGNO
664 1913 913 1970 PRAEFICITUR.

109 2019 214 2096 Regno
236 2020 408 2098 praeficitur
429 2027 642 2096 Agamemnon,
667 2026 725 2082 tota
748 2019 867 2099 jubetur

153 2104 291 2164 Protinus
313 2106 441 2183 imperio
465 2103 590 2166 Graecia
613 2114 692 2166 stare
714 2124 779 2166 sue.

109 2188 259 2268 Praecipit
280 2199 312 2249 ut
335 2189 450 2271 Danaos
473 2200 629 2269 percurrat
653 2189 778 2268 plurima
801 2191 875 2251 lines

153 2272 274 2335 Littera.
299 2273 474 2335 describens
496 2275 545 2334 hic
567 2284 597 2334 ct
621 2276 733 2354 ubique
755 2282 850 2335 rates:

111 2357 146 2416 Et
168 2356 282 2418 ratibus
302 2358 387 2418 lactis
409 2366 515 2437 pertus
538 2366 675 2419 teneatur
698 2358 832 2426 Athenis,
1024 2366 1075 2416 780

152 2440 190 2501 Ut
211 2461 242 2501 se
265 2444 307 2502 vis
330 2443 431 2520 pepuli
454 2441 572 2518 colligat
595 2445 691 2502 omnis
712 2442 765 2502 ibi.

111 2524 232 2600 ibimus,
255 2528 360 2605 inquit,
383 2527 493 2587 abhinc
516 2525 651 2606 'lrojam;
674 2545 760 2606 quae,
785 2536 907 2587 strenua
930 2524 1017 2587 nobis

152 2609 183 2669 Si
207 2628 312 2671 manus
335 2618 380 2670 est
402 2620 433 2671 et
454 2629 549 2679 mens,
574 2611 666 2672 indita
689 2611 798 2690 probra
822 2611 892 2672 luet.

109 2694 251 2772 Turpiter
274 2697 373 2756 amisit
395 2694 536 2756 Helenam
561 2699 712 2775 provincia
736 2703 849 2767 nestra,

151 2777 257 2839 Ellecit
278 2780 420 2858 praedam
444 2783 556 2858 praede
579 2780 699 2842 dolosus
721 2800 797 2841 eam.
1024 2786 1074 2836 785

109 2863 260 2924 lncantam
284 2864 366 2924 Paris
389 2868 525 2942 arripuit,
548 2885 603 2945 prc
627 2864 754 2946 conjuge
777 2867 860 2926 duxit

153 2946 303 3008 Praebens
325 2949 454 3010 innocuo
475 2949 553 3012 facta
577 2952 679 3011 nociva
703 2951 800 3009 thuro.

110 3031 215 3093 Omnis
238 3034 269 3093 in
292 3052 372 3094 arma
396 3040 473 3104 ruat,
497 3034 601 3113 gladiis
622 3052 655 3096 se
678 3036 801 3097 Graecia
824 3033 931 3110 cingat,

177 3199 235 3254 768.
264 3201 330 3252 (lod.
352 3202 490 3255 Auriolus.
514 3202 701 3266 stapletonus,
728 3202 895 3253 mutavimus
922 3217 937 3252 e
963 3200 1072 3253 Dareta.

109 3270 167 3319 759.
198 3267 263 3319 (lod.
290 3271 390 3334 quini.
418 3285 510 3334 margo
529 3271 649 3334 quinque
669 3276 697 3320 et
716 3271 803 3334 quini.
891 3270 949 3320 764.
969 3267 1074 3319 Dorica

108 3338 339 3402 superscriptum:
370 3335 484 3386 Graece.
554 3340 611 3387 774.
637 3339 677 3388 75.
699 3337 794 3387 Ovidii
811 3341 876 3387 suut
892 3336 975 3389 Trist.
995 3337 1027 3390 V.
1048 3337 1074 3388 b.

106 3405 211 3468 tatu,
230 3420 263 3454 ex
282 3419 336 3468 quo
353 3405 416 3456 lucc
434 3405 573 3469 posuimus
585 3405 671 3455 'l'risti
688 3408 785 3454 meter.
803 3419 854 3470 per
870 3402 956 3452 nostri
973 3407 1072 3454 mater.

108 3472 181 3526 trist.
251 3474 310 3523 779.
329 3471 395 3522 God.
414 3471 507 3522 litore.
