2378 3810
314 136 321 151 κ
399 118 462 168 uas.
479 117 517 168 11.
552 131 579 169 v.
597 117 740 169 aas-ase.
1014 118 1055 181 ul

90 272 220 334 Possunt
240 269 386 348 Argolicis
407 269 476 329 hino
497 267 674 329 ire-cibaria
698 270 795 340 castis,

133 356 187 416 llis
208 356 320 435 poteris
342 352 534 432 nohisutilis
556 371 622 414 esse
644 354 751 414 modis.
1006 364 1057 414 355

92 440 156 501 liae
178 440 242 512 vioe
264 439 422 518 Troianam
445 456 507 498 uon
528 435 587 497 ibis
609 437 646 498 ad
669 436 868 514 ohsidionem,
939 471 941 475 <

137 522 283 603 Quicquid
305 534 394 601 agant
415 520 474 599 alii,
498 523 537 582 sit
557 519 644 583 labor
664 523 721 582 iste
743 530 820 583 tuus.

92 609 210 687 Puppes
231 608 392 680 mittemus,
416 616 446 666 tu
469 614 583 666 tautum
606 605 747 687 providus
769 612 834 668 esto

134 692 228 754 Nobis
249 693 401 763 mittendis
421 690 476 751 has
498 708 624 751 onerare
646 689 731 752 cibis.
924 754 928 759 ,

93 777 149 837 llio
171 786 281 846 manet,
305 774 356 836 ille
377 775 472 846 redit;
494 776 723 852 Agamemnonis
746 775 869 837 auribus
890 776 977 848 indit,
1005 787 1057 837 360

135 860 219 930 Quod
242 862 354 920 lactum
375 859 482 928 fuerat,
504 857 556 919 ille
577 867 693 938 patrata
714 859 830 937 probat,

176 1005 438 1061 vultusuultus
455 1004 502 1059 ΕΤ
520 1005 696 1061 DIOMEDIS
714 1006 764 1060 AD
782 1005 961 1068 anuuna

92 1114 220 1193 Ceperat
240 1114 353 1174 interea
374 1111 434 1192 jam
456 1111 572 1190 pridem
595 1113 704 1172 missus
726 1111 827 1174 Ulixes

134 1198 167 1258 ln
192 1198 265 1258 iacis
287 1197 399 1259 Priami
422 1214 488 1256 oum
512 1196 652 1256 lliomede
674 1197 769 1274 loqui:

92 1283 171 1362 Rex!
194 1283 277 1342 missi
299 1298 402 1342 sumus
423 1280 460 1340 ab
483 1283 712 1358 Agamemnone.
736 1283 761 1340 si
782 1281 890 1360 placet,
916 1283 985 1343 audi

133 1366 223 1436 llaec,
246 1385 322 1445 quac
345 1365 509 1427 deserimus
531 1366 594 1425 eius
616 1365 654 1425 ab
677 1383 730 1426 ore
753 1366 816 1447 tibi.
1004 1379 1057 1429 ³65

91 1451 274 1512 Graecorum
296 1453 362 1528 regi
385 1468 446 1532 non
468 1459 514 1511 est
534 1452 657 1511 victoria
679 1452 761 1519 tanti,

133 1534 171 1597 Ut
191 1553 246 1615 per
270 1533 346 1595 bella
369 1551 439 1595 suos
461 1534 546 1595 malit
567 1533 654 1595 obire
676 1538 774 1603 viros;

93 1619 152 1681 Sed
176 1628 274 1680 tamen
297 1618 377 1680 illius
399 1637 524 1696 regnum
547 1636 585 1678 ue
607 1620 755 1697 deprimat
776 1619 869 1680 hostis

132 1704 287 1765 Materiam
310 1705 410 1764 damni
432 1703 647 1783 dedecorisque
669 1720 786 1781 gerens,

89 1788 121 1849 Si
145 1789 212 1868 quis
233 1789 312 1848 enim
336 1787 475 1849 damnum
499 1786 543 1847 vel
567 1786 697 1847 dedecus
719 1787 828 1848 inierat
850 1788 902 1859 illi,
1005 1802 1057 1851 ³70

134 1871 281 1934 Malumus
303 1879 370 1932 ante
393 1874 470 1932 mori
492 1889 579 1949 quam
604 1871 663 1931 dno
686 1871 763 1932 dicta
784 1874 855 1951 pati.

89 1956 153 2017 Rex
176 1956 317 2017 Helenam
340 1956 447 2023 redde:
471 1962 592 2034 pacatae
615 1975 717 2016 ramus
738 1955 832 2016 olivae

133 2041 183 2101 Sic
204 2042 282 2101 inter
304 2042 450 2103 Graecum
473 2049 532 2100 stet
553 2041 775 2121 Phrygiumque
797 2040 905 2103 locum.

89 2125 133 2187 De
155 2125 271 2186 Paridis
292 2126 402 2204 praeda
425 2143 484 2185 nou
508 2134 554 2185 est
575 2126 648 2187 mihi
672 2128 783 2188 mentio
805 2132 895 2197 tanta,

132 2207 204 2270 Cum
227 2218 326 2270 tamen
349 2209 422 2270 haec
440 2213 551 2271 merito
574 2211 759 2272 restituenda
782 2212 870 2271 iuret.
1003 2224 1055 2273 376

91 2293 228 2354 Dedecus
251 2295 371 2354 omnino
393 2302 488 2364 taceo,
512 2295 584 2372 quid
606 2297 735 2355 amarius
758 2297 838 2355 omni

134 2378 187 2437 Est
209 2377 335 2438 damnoi
358 2388 471 2439 tautum
496 2377 616 2439 loedere
638 2379 720 2459 pacis
741 2397 818 2440 amo.

89 2462 122 2523 Si
145 2461 226 2532 lacis,
250 2461 323 2523 haec
344 2461 480 2523 volumus
501 2473 634 2524 extrema
655 2464 768 2542 pellere
791 2461 874 2531 cella,

135 2546 217 2617 Quae
241 2546 295 2607 luit
318 2546 441 2608 ulterius
464 2547 570 2607 llorica
592 2564 677 2627 passa
701 2547 821 2608 domus:

89 2630 118 2690 Si
141 2633 254 2698 miuus;
279 2641 322 2691 est
344 2634 461 2693 animus
484 2632 565 2691 vobis
587 2631 740 2692 effundere
763 2636 850 2693 vitam
1004 2645 1055 2694 380

130 2717 187 2775 Aut
209 2732 263 2774 nos
286 2734 321 2776 ex
344 2719 400 2778 rita
424 2714 543 2776 tradere
565 2726 688 2795 propter
711 2709 785 2777 ea'm.

88 2798 126 2860 Ut
147 2799 295 2859 modicum
318 2803 411 2861 tacuit
432 2800 577 2868 Priamus,
601 2800 757 2862 subduxit:
787 2800 900 2862 Ulixes!

129 2882 250 2944 Promta
273 2888 350 2944 seris
372 2885 471 2954 verba,
498 2894 567 2946 tune
591 2889 704 2946 vocaris
723 2887 790 2949 itai.

86 2967 207 3027 Promta
230 2968 360 3046 quidem,
385 2970 436 3029 sed
460 2981 556 3030 comta
579 2971 677 3030 minus
699 2979 730 3029 tu
754 2971 936 3048 proposuisti

153 3137 212 3187 35⁷.
239 3153 275 3188 ex
292 3137 415 3202 margine
439 3152 488 3202 pro
512 3137 630 3203 simplici
655 3136 767 3204 „quint
837 3139 895 3188 367.
925 3156 958 3192 ex
981 3157 1052 3193 mar·

84 3203 149 3268 gine
168 3219 217 3269 pro
236 3203 325 3254 altero
344 3219 417 3266 suos,
435 3205 518 3260 viros.
587 3207 645 3256 372.
668 3210 786 3271 peentne
808 3221 841 3256 ex
859 3209 983 3273 margine
1002 3225 1050 3275 pro

83 3270 221 3334 placatae.
261 3271 313 3328 Or.
337 3287 371 3322 ex
399 3272 479 3323 Pout.
506 3275 528 3332 1,
553 3275 576 3331 1,
601 3276 642 3323 31.
677 3277 795 3338 pacatae
824 3290 916 3326 ramus
947 3275 1049 3326 olivae.

83 3338 141 3393 380.
168 3340 249 3390 nobis
274 3355 323 3404 pro
352 3338 437 3390 oodio.
463 3340 549 3394 vobis.
590 3341 713 3391 Imitatio
737 3340 836 3406 Virgil.
860 3342 928 3392 Aen.
952 3342 980 3406 1,
1003 3345 1052 3394 103

84 3410 186 3470 tueque
205 3407 325 3456 enimam
344 3407 416 3458 hano
435 3406 575 3458 effundere
593 3407 701 3461 dextre.

820 3491 854 3542 υ
