2378 3810
424 142 487 194 Lib.
506 141 539 198 V.
567 156 594 195 v.
611 143 757 193 tea-491.

263 289 445 360 [ernanus
463 288 718 345 Annoururuu
736 287 924 360 caducos]

108 398 203 459 Porro
226 396 381 456 foemineis
404 393 502 458 illatos
525 395 638 456 viribus
659 396 734 472 Argi

153 478 282 541 lnsultus
305 478 375 540 belli
398 481 445 540 vix
467 488 593 559 potuere
615 483 694 557 pati;

110 565 288 626 Retrorsum
313 573 430 630 vertere
452 565 587 642 gradum,
609 562 812 644 jamjamque
835 563 980 642 parabant
1028 573 1080 623 465

151 649 234 708 Vitae
258 647 405 724 praesidia
428 666 550 727 ponere,
574 657 657 726 terga
682 648 764 709 dare.

110 732 175 802 Quo
198 733 294 802 ruitis,
318 732 408 811 pilata
430 733 557 794 cohors?
579 732 745 794 inclamitat
768 731 834 793 altis

153 817 281 877 Vocibus
302 816 357 878 bos
379 817 528 897 Pyrrhum
551 827 597 879 est
618 819 689 897 fuga
712 817 826 896 grande
849 816 957 881 scelus.

110 901 134 962 0
157 899 242 962 miles
264 903 316 980 qui
339 903 443 963 militia
466 903 625 982 gladioque
646 904 776 964 resultas

151 984 274 1047 Militiae
298 984 427 1057 titulum,
452 986 521 1066 quid
545 987 685 1065 fugiendo
707 987 808 1066 fugas!
1025 997 1078 1046 470

113 1070 137 1132 0
161 1069 263 1131 famuli
285 1072 403 1150 turpes!
426 1089 545 1131 servum
568 1089 671 1150 pecus,
695 1070 807 1150 absque
831 1089 938 1132 cruore
975 1094 983 1105 ·

153 1155 268 1224 Fortes,
292 1151 441 1215 debilibus
463 1158 563 1234 turpia
586 1162 669 1233 terga
693 1155 786 1215 datis?

109 1239 290 1300 immensum
313 1240 386 1299 socii
409 1239 506 1300 scelus
529 1248 574 1300 est
595 1240 676 1317 fuga,
699 1241 827 1300 crimine
850 1241 953 1316 quovis

153 1321 283 1384 Credere
306 1322 424 1384 debetis
444 1326 561 1402 turpius
584 1343 649 1385 esse
670 1325 791 1402 fuganti

110 1408 242 1468 Buccina
265 1426 319 1468 cur
341 1410 458 1486 signum
482 1409 532 1469 dat
552 1406 632 1470 bello
654 1427 745 1470 rauca
769 1416 936 1480 cruentum,
1027 1418 1079 1468 tto

152 1492 184 1553 Si
207 1490 344 1575 volumus
367 1494 437 1553 visis
460 1492 582 1554 ensibus
604 1496 650 1555 ire
673 1493 829 1555 domums

111 1576 254 1637 foetidus
277 1585 321 1636 est
343 1578 468 1654 lugiens,
493 1579 627 1648 vitiosus,
651 1579 747 1658 turpis
770 1589 800 1640 et
823 1578 917 1648 exlex,

154 1658 275 1721 Militiae
298 1679 421 1723 consors
443 1660 571 1740 amplius
594 1681 659 1723 esse
680 1666 793 1742 nequit.

109 1745 212 1806 Militis
234 1763 251 1804 a
273 1739 373 1806 tabula
396 1751 426 1806 te
449 1764 487 1806 ne
509 1746 579 1806 dum
603 1747 756 1824 principis,
779 1765 796 1806 o
819 1747 870 1826 qui
974 1778 978 1785 ·

154 1829 281 1906 fugeris
303 1831 334 1889 in
358 1828 448 1898 bello,
472 1830 592 1890 mandat
614 1829 696 1891 abire
720 1831 809 1906 fuga?
1027 1839 1079 1888 480

112 1912 143 1973 Si
166 1912 247 1974 filum
271 1922 356 1974 neret
378 1913 468 1974 hodie
491 1914 547 1974 tibi
571 1913 676 1976 Clotho
699 1931 883 1994 supremum,

154 1998 260 2075 Aptius
283 2017 299 2057 a
323 2015 423 2076 pugna
445 2015 534 2078 quam
555 2000 673 2078 rapiere
696 2000 785 2077 fuga?

110 2081 155 2142 dd
178 2080 302 2160 pelagus
324 2101 392 2143 curn
415 2086 559 2145 veneritis
581 2085 654 2162 quid
679 2085 800 2163 postea?
822 2092 905 2144 vasto

153 2165 239 2227 lbitis
263 2175 331 2227 ante
354 2167 417 2227 dies
440 2186 491 2229 vos
514 2168 644 2248 sepelire
667 2170 755 2230 freto.
1011 2244 1013 2248 Ι

109 2250 207 2310 Fidite
231 2269 269 2312 nc
292 2251 427 2330 pedibus,
452 2253 533 2314 ferro
555 2253 720 2332 rumpenda
744 2272 799 2332 per
821 2252 922 2312 hostes
1028 2262 1078 2311 485
1161 2324 1166 2331 ,

155 2335 210 2397 Est
233 2338 288 2409 via,
314 2337 352 2396 sit
373 2339 509 2414 quamvis
532 2336 642 2397 densus
665 2335 776 2414 ubique
799 2334 914 2412 globus.

111 2419 200 2480 lleest
221 2419 282 2498 jam
304 2427 385 2480 terra
407 2421 505 2497 fugae,
530 2420 652 2497 pelagus
674 2421 837 2498 patriamve
860 2427 1004 2498 petemus,

156 2504 262 2580 Magno
286 2521 340 2563 nos
363 2503 472 2563 claudit
495 2503 582 2564 obice
604 2503 718 2581 grande
741 2504 847 2566 salum.

110 2586 224 2646 Vertite
247 2587 433 2665 cornipedes,
457 2588 607 2664 faciesque
629 2588 766 2650 ferantur
787 2591 819 2650 in
841 2589 952 2659 hostes,

79 2701 84 2707 ,
151 2671 247 2730 Enses
269 2672 386 2748 erigite,
411 2669 533 2733 vulnera
556 2671 639 2751 larga
661 2673 738 2734 date.
1026 2683 1077 2733 490

108 2755 172 2815 Janr
195 2755 318 2833 fugient,
342 2758 394 2835 qui
416 2756 495 2817 forte
517 2758 630 2834 fugant,
654 2759 776 2820 victoria
800 2767 902 2820 nostra

110 2888 311 2902 ,ὼς-.-

176 2957 236 3007 lei.
256 2957 333 3023 Virg.
352 2957 418 3012 Aen.
436 2958 497 3021 XII,
516 2961 573 3013 312.
593 2962 626 3010 13

311 3051 342 3061 -
360 3051 395 3063 -
413 3029 496 3090 atque
513 3041 578 3077 suos
596 3026 715 3078 clamore
733 3027 860 3089 vocabat,

211 3093 271 3155 Quo
289 3093 388 3143 ruitis?

310 3159 400 3214 Gnolt.
418 3161 496 3212 Alex.
514 3162 552 3224 11,
569 3162 618 3213 381
639 3177 679 3229 sq.

211 3229 270 3291 Quo
289 3229 370 3279 ruitis
388 3229 514 3293 peritura
531 3232 648 3281 manus?
663 3229 834 3295 juvenemne
852 3231 959 3295 putatis

208 3296 348 3347 Invictum
367 3297 464 3361 fugere
482 3296 565 3361 hune,
584 3299 632 3364 qui
650 3298 748 3363 quovis
768 3298 883 3348 crimino
901 3296 992 3349 credit

118 3403 120 3407 .
210 3361 330 3428 Turpius
347 3379 407 3414 esse
428 3363 533 3430 fugam.

106 3428 165 3480 488.
184 3427 275 3483 Schol.
293 3431 344 3482 sal.
364 3447 449 3482 mare,

826 3513 880 3566 ib*
