2378 3810
408 144 468 194 Lib.
489 143 508 192 1.
545 158 571 194 v.
591 143 733 192 ‘too-727.

288 324 349 378 Hic
366 322 475 378 PARIS
493 322 653 377 DEDUCIT
669 321 854 376 HELENAM.

88 430 224 493 Solverat
246 428 370 490 Oebalio
394 430 517 489 classem
542 426 579 486 de
602 426 702 489 littore
724 429 825 496 victor,

133 515 299 586 deveniunt
321 512 471 582 Tenedon,
494 511 565 571 inde
588 514 688 589 quiete
710 512 820 571 fovent.

88 601 132 660 Ex
155 600 242 659 siccis
264 599 359 659 oculis
382 599 471 657 traxit
492 595 594 656 Medea
618 596 784 660 madorem:

131 682 226 745 Nullis
248 682 302 743 liet
322 682 453 742 lacrimis
476 680 567 740 oblita
591 690 672 740 reste
695 681 778 740 ulvis.

88 767 154 828 Non
177 768 261 828 aliter
285 767 439 828 manilesta
460 773 561 843 potest
583 763 767 825 abscondere
790 767 898 825 mentis
1005 775 1055 824 710
1106 780 1110 783 ·

132 850 244 912 Gaudia
268 868 357 930 quam
380 850 509 910 lacrimis
531 849 640 910 lamina
664 850 732 908 trita
756 849 836 910 satis.

87 935 201 996 Blanda
223 953 296 995 voce
319 933 401 994 Paris
424 932 596 994 demulcens
619 950 672 992 cor
693 932 827 993 mulieris

131 1020 202 1081 Cras
224 1021 338 1078 erimus
360 1017 462 1097 plures
484 1019 596 1096 inquit;
621 1027 649 1077 at
671 1016 719 1076 illa
743 1016 828 1077 bibit.

87 1103 218 1164 lusinuat
241 1105 319 1181 patri
341 1103 411 1181 qnid
435 1103 540 1162 iecerit
563 1111 592 1162 et
615 1101 693 1180 quod
718 1109 852 1180 coeptam

130 1186 275 1249 Clauserit
297 1197 395 1267 optata
418 1187 615 1266 prosperitate
640 1187 726 1244 viam.
1005 1195 1054 1244 tto

87 1268 194 1333 Statim
217 1272 350 1332 delertur
373 1270 515 1339 Menelao,
539 1270 618 1349 quod
641 1270 719 1330 loret
741 1287 817 1329 uxor

129 1356 163 1417 ln
186 1354 343 1455 Pnryotam
366 1354 492 1434 Phrygia
515 1372 569 1435 per
591 1372 673 1414 mare
697 1362 779 1413 vecta
802 1355 867 1414 rati.

87 1441 169 1512 Quae
191 1402 322 1518 qualisve
346 1442 410 1499 viro
433 1439 523 1500 luerit
545 1458 642 1506 mens,
667 1457 756 1498 nemo
778 1440 921 1517 requirat,

130 1522 281 1602 Frigidius
303 1522 400 1600 glacie
421 1532 526 1602 pectus
549 1524 672 1583 amantis
695 1532 767 1583 erat

85 1608 119 1668 lu
146 1608 235 1669 tantis
258 1608 384 1669 dicenda
407 1608 494 1668 malis
517 1624 711 1684 quaecunque
734 1608 855 1667 luerunt
1005 1616 1055 1664 720

130 1691 197 1754 Non
219 1709 290 1752 reor
312 1691 453 1752 alilictum
476 1693 674 1770 perterruisse
698 1693 804 1751 virum.

84 1777 137 1837 Ille
159 1776 264 1856 Pylum
285 1773 425 1856 linquens
447 1776 542 1836 tendit
564 1793 632 1836 cum
655 1774 779 1836 Nestore
803 1776 938 1854 Spartam

128 1860 234 1921 Nescio
257 1860 327 1939 quid
348 1858 469 1928 scribat,
493 1859 562 1939 quid
586 1860 769 1939 stupefactus
792 1869 868 1936 agat.

87 1945 176 2005 Mittit
196 1963 252 2022 pro
273 1944 376 2011 fratre,
401 1945 451 2022 qui
474 1943 645 2004 consiliator
668 1953 697 2003 et
720 1952 799 2004 esset

24 2104 28 2110 Ι
129 2028 166 2088 Et
188 2027 371 2096 consolatum
395 2029 443 2088 lric
465 2029 667 2106 Agamemnon
692 2036 764 2088 erat.
1005 2038 1054 2086 725

157 2191 221 2246 HIC
237 2191 347 2246 Panis
365 2191 479 2246 VENIT
496 2192 547 2247 AD
566 2192 709 2247 TROIAM
728 2191 805 2247 CUM
822 2191 980 2246 HELENA.

84 2297 173 2358 Nunc
195 2297 314 2358 Troiam
338 2298 451 2376 praedo
474 2279 584 2377 repetit
607 2316 673 2358 cum
697 2296 791 2358 divite
813 2298 937 2375 praedm

128 2381 178 2441 Sic
200 2390 230 2441 et
253 2383 295 2443 sic
317 2382 385 2452 leci,
410 2385 527 2443 nuntiat
549 2381 598 2442 ille
620 2383 713 2464 patri..

152 2549 211 2599 706.
230 2549 336 2599 Statius
354 2548 455 2600 Achill.
473 2551 495 2611 1,
515 2551 548 2599 20

221 2615 349 2667 Solverat
366 2615 484 2668 Oebalio
502 2616 618 2666 classem
637 2616 670 2666 de
688 2614 782 2666 littore
801 2620 903 2681 pastor.

84 2685 142 2734 ⁷08.
161 2682 219 2736 cod.
238 2685 336 2748 tregit.
389 2686 515 2736 rus—11.
536 2682 635 2733 alludit
653 2683 795 2733 Lucanum
813 2683 910 2735 Phara.
922 2685 972 2747 IX,
987 2687 1052 2738 1038

81 2752 151 2800 —41
221 2777 255 2786 -
272 2775 305 2786 ·-
323 2751 501 2801 -lacrimas
520 2767 574 2800 non
593 2755 692 2816 sponte
711 2752 847 2801 cadentes

161 2870 164 2875 ,
185 2817 304 2878 suedia
324 2819 498 2883 gemitusque
518 2818 655 2882 expressit
672 2824 783 2884 pectore
802 2819 886 2881 laeto,

186 2885 248 2936 Non
268 2885 350 2935 aliter
367 2886 517 2937 manifesta
535 2890 635 2951 potans
654 2886 827 2936 abscondere
845 2888 945 2936 mentis

185 2952 300 3013 Gaudia,
321 2967 402 3017 quam
419 2952 549 3003 lacrimis

82 3021 139 3070 209.
159 3034 209 3084 pro
233 3020 293 3071 eod
316 3019 389 3088 pilea
410 3022 552 3101 posuimus
575 3019 713 3071 oblita=
731 3020 836 3070 induta.
860 3021 929 3071 Hor
946 3022 996 3086 Ep
1015 3022 1051 3085 II

82 3089 107 3148 1,
124 3089 176 3138 204
192 3075 374 3150 Divitiae'que
392 3089 565 3152 peregrinae,
583 3088 684 3152 quibus
701 3087 803 3138 oblitus
822 3093 900 3138 actor

193 3153 261 3204 (turn
279 3155 385 3204 statit'
377 3170 406 3204 ru
425 3170 516 3217 scena,
536 3157 675 3206 concurrit
693 3155 807 3206 dextera
825 3156 930 3208 laevae.

80 3223 140 3275 712.
157 3221 223 3276 eon.
243 3221 365 3277 blendia.
435 3224 493 3272 713.
512 3223 568 3273 bib
586 3238 624 3273 sc.
644 3239 717 3277 eure.
754 3224 804 3274 Or.
822 3224 888 3275 Her.
907 3223 955 3286 IX,
975 3225 1025 3273 154

212 3289 335 3354 (irasque
355 3291 456 3341 erimus
473 3290 574 3353 plures,
593 3292 691 3355 inquit,
711 3296 741 3341 et
758 3292 817 3355 ipsa
833 3292 912 3341 bibit.

80 3358 140 3408 ⁷16.
171 3355 240 3408 cod.
272 3357 420 3415 clauserat⁸
497 3360 554 3410 717.
586 3358 651 3410 Cod.
676 3374 726 3422 per
754 3373 828 3408 mara
855 3363 939 3408 vecta
964 3373 1050 3411 mare.

76 3426 138 3475 tta.
157 3423 208 3476 Or.
224 3421 290 3479 Her.
308 3424 332 3488 1,
349 3427 391 3478 22.
462 3427 519 3480 722,
539 3424 604 3479 Cod.
624 3425 780 3491 lingquens.

818 3508 856 3560 (ὁὶ
