2378 3810
106 188 168 238 xV1
460 218 464 224 .
510 177 665 232 Braefatio.
718 202 723 208 ·

107 331 232 392 sortasse
254 328 373 407 legendi
394 336 480 390 saint:

149 413 201 474 lsti
224 431 315 494 quum
338 413 421 474 divos
443 422 544 474 narret
566 411 670 474 adesse
692 412 768 474 duos

149 497 207 558 Sed
232 515 328 576 neque
351 516 410 558 nox
433 496 536 558 didicit
557 495 669 558 nullam
692 505 811 575 patrare
833 500 964 577 quictem

148 581 304 660 Pugnandi
325 599 420 661 genus
442 583 595 659 egregium
616 590 737 658 patrare
760 585 891 643 scienter

108 700 275 763 quanquam
292 682 386 743 codex
402 682 556 742 manifeste
571 684 643 742 istas
658 680 747 742 salsas
762 681 974 760 productiones
988 701 1075 763 prae·

107 766 173 836 bet;
196 767 294 827 locum
318 766 339 836 1,
362 762 426 827 582
900 793 903 798 ’

234 867 333 928 Paean
356 865 498 946 oppidulo
520 874 603 928 mure
624 865 675 925 lux
698 865 794 926 stabat
815 866 919 946 Apollo

108 968 214 1012 sanare
237 951 385 1012 difficilius
407 959 468 1020 est,
492 952 572 1030 quod
596 949 688 1010 codex
710 948 784 1011 baec
807 951 905 1032 verba,
930 969 1005 1030 quae
1028 955 1075 1013 vix

108 1034 233 1114 intelligi
261 1044 399 1115 possunt,
435 1035 550 1115 prodit;
588 1034 826 1096 emendationem
853 1036 946 1113 igitur
975 1043 1075 1099 textus

108 1138 168 1181 non
191 1122 255 1181 ansi
277 1138 389 1189 sumus,
413 1117 616 1197 conjecturam
639 1127 739 1181 tamen
762 1119 810 1179 bic

261 1222 358 1282 Paean
382 1219 522 1300 oppidulo
546 1232 632 1282 mane
654 1218 771 1282 lucebat
791 1219 897 1299 Apollo

108 1330 211 1383 nostro
226 1320 348 1382 liberto
371 1320 447 1381 duce
468 1323 499 1382 in
521 1323 581 1382 arsi
597 1321 719 1382 brevem
734 1320 874 1400 syllabam
890 1319 1076 1400 producente

111 1405 289 1484 praebemus
311 1407 438 1466 sortasse
461 1423 521 1465 non
544 1405 758 1485 accipiendam,
783 1406 850 1484 qnia
872 1405 1012 1476 ‚‚stabat“
1028 1425 1075 1466 se·

112 1491 215 1568 quenti
248 1506 336 1549 versu
369 1491 508 1550 iteratum
542 1488 767 1567 prolnndiorenr
796 1507 917 1550 sensum
944 1488 1075 1568 prodere

107 1574 235 1635 videtur.
714 1613 717 1621 -

192 1655 436 1718 Homoeoteleuto
464 1655 525 1735 jum
553 1659 598 1718 usi
621 1666 691 1718 sunt
712 1660 837 1720 Romani
858 1666 895 1719 *et
916 1665 1018 1718 noster
1042 1666 1075 1718 ut

109 1744 202 1803 ceteri
225 1742 370 1813 neoterici
393 1759 428 1802 eo
451 1758 510 1803 non
533 1741 682 1804 abstinuit.
739 1743 798 1803 Res
820 1761 911 1822 quum
933 1748 1003 1802 nota
1026 1744 1074 1811 sit,

108 1845 174 1887 eam
196 1826 340 1888 mittimus
363 1834 393 1886 et
416 1827 548 1907 exempla
572 1826 739 1888 exscribere
763 1827 910 1887 nolumus.
956 1825 1075 1904 insigne

108 1910 199 1989 hujus
221 1929 293 1972 usus
316 1909 485 1988 exemplum
508 1912 657 1972 invenitur
677 1912 706 1971 in
721 1912 852 1970 carmine
868 1911 999 1986 elegiaco
1015 1909 1074 1979 „de

109 1993 224 2055 excidio
246 1993 375 2072 Trojae“
405 1995 484 2073 quod
513 1994 624 2073 Leyser
652 1993 767 2068 (histor.
796 1998 875 2071 poet.
904 1993 982 2051 med.
1012 1995 1076 2053 aevi

108 2097 139 2158 p.
163 2074 235 2153 398)
261 2076 434 2138 Hildeberto
456 2077 625 2137 Turonensi
653 2079 810 2154 episcopo,
842 2077 901 2153 qui
918 2072 1000 2135 1132
1029 2076 1075 2138 vel

111 2158 192 2222 1136
222 2161 307 2231 obiit,
334 2160 453 2228 tribuit,
478 2159 616 2238 quodque
639 2167 761 2238 propter
784 2157 910 2219 formam
933 2166 962 2219 et
983 2170 1076 2222 mnte-

111 2248 185 2307 riam
209 2243 288 2306 lectu
311 2262 371 2304 non
393 2244 550 2323 indignum
574 2241 649 2303 calci
671 2242 760 2322 liujus·
781 2241 851 2303 libri
874 2241 1073 2321 adjunximus.

110 2331 152 2390 De
176 2331 313 2390 universa
329 2346 362 2388 re
377 2329 499 2388 metrica
515 2327 736 2389 neoterioorum
752 2327 900 2388 Lucienus
917 2327 1073 2399 Millerus,

109 2415 160 2492 qui
182 2415 303 2492 egregie
326 2412 362 2472 de
384 2410 434 2472 illa
458 2413 527 2490 egit,
551 2410 752 2472 consulendus
775 2420 827 2472 est.

194 2514 321 2574 Carmen
343 2512 521 2592 praebemus
543 2513 579 2573 ad
602 2512 683 2575 bunc
705 2530 799 2592 usque
822 2512 899 2573 diem
916 2513 1073 2583 ineditum,

110 2597 195 2677 cujus
217 2604 332 2658 tantum
355 2598 414 2658 duo
436 2598 599 2674 fragmenta
623 2598 648 2657 J.
666 2597 699 2658 F.
718 2597 922 2675 Heusingerus
944 2597 973 2657 in
996 2594 1074 2657 libro

10 2697 13 2702 ·
109 2681 153 2742 Fl.
170 2679 260 2742 Mallii
276 2681 425 2742 Theodori
448 2681 485 2742 de
499 2684 604 2741 metris
620 2680 723 2760 (Lugd.
739 2681 839 2745 Batav.
857 2677 948 2759 1766)
964 2698 994 2758 p.
1013 2678 1075 2742 114

109 2765 213 2826 —117
237 2764 350 2846 publici
369 2763 446 2843 juris
468 2764 588 2834 lecerat,
612 2782 687 2843 quae
710 2764 875 2842 fragmenta
898 2784 934 2825 ex
950 2764 1077 2825 Heusim

109 2868 181 2928 gero
218 2869 236 2911 a
272 2848 445 2910 Staverenio
485 2849 522 2926 (in
560 2848 690 2909 editione
728 2847 857 2909 Cornelii
889 2849 1011 2928 Nepotis
1037 2848 1073 2918 ll,

109 2952 138 3012 p.
167 2930 231 2995 385
254 2932 346 3012 squ),
381 2933 584 2993 Wernsdorlio
616 2933 703 3012 (poet.
732 2935 839 2994 minor.
873 2932 933 2992 Lat.
963 2932 998 2992 T.
1026 2932 1073 3000 iv,

109 3036 139 3096 p.
176 3015 264 3097 596),
301 3016 413 3079 Eberto
450 3015 747 3098 <Ueborlielerungen
781 3017 835 3079 Bd.
866 3017 893 3086 1,
932 3036 959 3095 p.
991 3013 1073 3096 188),

109 3102 354 3163 Schoenemanno
371 3100 678 3180 (Merkwrirdiglreiten
693 3100 716 3170 1,
733 3120 761 3179 p.
779 3099 819 3162 15
834 3119 880 3161 nr.
899 3098 980 3174 171),
997 3101 1074 3179 Lap-

108 3184 274 3266 penbergio
303 3187 343 3264 (in
371 3184 556 3264 praelatione
578 3186 728 3246 annalium
753 3184 865 3246 Alberti
888 3180 986 3268 [Perta
1009 3204 1073 3245 mo-

108 3287 191 3331 num.
214 3269 315 3329 Germ.
338 3269 417 3336 xvi,
447 3287 476 3347 p.
499 3265 563 3330 272
577 3269 666 3351 sq.])‚
692 3270 872 3331 Dederichio
896 3270 936 3348 (in
960 3268 1074 3330 Daretis

110 3352 238 3415 editione
260 3353 346 3414 Bonn
367 3350 449 3415 1835
472 3356 597 3430 praelat.
620 3374 649 3434 p.
668 3354 711 3432 V),
734 3352 801 3434 loly
824 3352 865 3434 (in
886 3351 1074 3433 praelatione

111 3435 146 3497 ad
165 3436 368 3518 benedictum)
391 3438 577 3517 promulgata
591 3446 677 3499 sunt.
714 3436 837 3518 Reliqua
861 3445 979 3517 praeter
994 3437 1074 3498 Heu-
