2378 3810
110 167 153 232 70
228 160 232 165 ”
428 172 491 227 uio.
511 173 562 225 111.
598 189 623 228 v.
637 175 751 232 nt-cs,

154 323 296 384 l'oemina
319 324 487 403 praecipue,
511 342 587 404 quae
609 325 816 404 prohibentur,
840 335 915 389 avet

114 406 181 467 Non
205 426 237 468 es
259 407 435 479 Alexander,
458 409 568 470 Priami
590 410 790 488 pulcherrima
813 410 921 490 proles,
1047 423 1079 472 15

157 491 296 553 Territus
318 491 365 552 his
388 509 445 553 una
467 511 523 572 pro
546 492 671 555 muliere
693 495 793 563 malis;
900 494 907 508 '

111 576 179 639 Una
202 593 256 636 nec
278 577 367 637 unios
389 584 445 646 est,
468 578 516 637 cui
538 595 598 638 non
620 579 732 640 scilicit
753 597 841 648 unus,

154 658 295 722 Pluribus
317 663 348 722 in
371 661 429 721 vita
453 679 510 722 non
535 669 617 722 caret
639 681 697 724 una
720 670 799 724 nota.

107 747 186 807 ‘Aron
209 762 311 805 amore
332 745 385 814 tui,
408 747 456 805 sic'
475 754 505 805 et
525 745 680 807 Menelaon
703 749 807 816 amavi,

153 827 286 890 Theseus
308 828 379 890 huic
401 837 486 909 pater
508 827 609 890 oscula
633 838 738 909 quanta
762 831 854 892 dedit.
1044 842 1080 891 20

110 914 160 974 Sic
184 913 259 973 lacie
282 915 416 990 quamvis
437 914 572 991 insignis,
597 914 731 976 adultera
754 924 836 976 certe
858 921 912 988 est,

153 998 247 1058 Laesa
267 997 418 1075 pudicitia,
443 996 558 1077 deperit
578 996 628 1058 illa
651 999 753 1060 semel.

109 1082 223 1142 Insanit
244 1087 325 1142 totus
347 1087 532 1161 propterte,
556 1081 679 1151 lubrice,
701 1083 846 1154 mundus;

152 1167 247 1227 Causa
269 1166 408 1244 pudenda
431 1174 480 1227 tua
503 1173 557 1235 est,
578 1165 655 1244 justa
678 1169 722 1227 vir
744 1186 825 1229 arma
847 1176 953 1229 movet

110 1251 156 1311 Sis
179 1251 240 1311 voti
262 1268 394 1330 compos,
416 1267 471 1328 per
493 1258 522 1311 te
544 1252 690 1312 moriatur
711 1252 837 1320 Atrides,
1043 1261 1077 1309 25

152 1334 278 1395 Graecia
300 1334 347 1394 vel
369 1334 480 1403 redeat,
503 1335 549 1395 vel
572 1342 711 1414 superata
733 1337 835 1407 cadat;

109 1417 171 1479 Sub
195 1418 314 1479 domina
336 1420 497 1480 meretrice
519 1420 607 1480 sedes
630 1438 755 1481 vesanus
778 1428 808 1481 et
830 1438 935 1482 excors

152 1500 243 1562 Foedi
264 1501 333 1562 tabe
355 1504 438 1564 canis
460 1503 506 1564 vel
527 1521 613 1582 mage
634 1503 724 1564 sorde
747 1506 819 1566 suis.

109 1585 260 1655 Foemina,
283 1604 360 1665 quae
382 1586 466 1658 fallit,
490 1588 626 1666 exemplo
649 1588 743 1649 discat
764 1591 796 1649 in
818 1591 884 1659 isto,

151 1671 328 1732 immineas
350 1670 420 1732 fidei
443 1690 504 1732 nou
527 1672 671 1733 adhibere
691 1673 790 1738 iidem.
1042 1673 1078 1732 so

294 1867 441 1924 HELENA
458 1867 626 1924 PARIDEM
643 1868 886 1934 ALLOQUITUR.

108 1988 167 2050 Pro
190 1990 290 2053 reditu
312 1990 438 2054 laetatur
460 1991 584 2060 adulter,
609 1991 744 2054 adultera
766 2009 836 2052 reno

154 2073 204 2135 Est
225 2093 280 2153 pro
303 2081 442 2154 suscepto
465 2077 575 2155 sospite
598 2076 675 2137 laeta
697 2077 769 2136 viro.

108 2156 170 2218 lloc
194 2158 296 2219 modo:
321 2177 339 2218 o
359 2158 492 2238 Juvenis!
515 2176 532 2219 o
555 2159 754 2222 delectissime
777 2159 876 2221 miles!

152 2240 307 2311 Quomodo
328 2251 389 2304 tam
412 2248 532 2322 poteras
554 2245 712 2306 immemor
734 2261 799 2306 esse
822 2244 901 2305 meil
1006 2300 1013 2319 q

114 2323 189 2400 Vidi,
212 2329 352 2407 pertimui
374 2327 452 2409 qnod
476 2337 541 2390 erat
563 2336 623 2390 tam
645 2337 781 2408 tempore
802 2326 892 2406 longo
1042 2337 1077 2387 35

152 2410 294 2491 conjugis
316 2412 428 2493 antiqui
450 2413 553 2473 dextra
576 2414 792 2490 magistratui.

179 2646 219 2694 14.
250 2646 382 2710 marginis
399 2645 533 2701 scholion,
551 2660 595 2695 av.
615 2645 700 2710 eupit.
771 2647 812 2696 18.
836 2646 995 2711 emergine
1014 2660 1078 2711 pro:

110 2712 138 2760 in
157 2712 217 2761 nitu
234 2726 289 2762 non
306 2717 383 2763 caret
400 2713 462 2764 imo.
534 2715 575 2764 19.
594 2714 685 2763 amavi
701 2728 751 2777 pro
769 2713 882 2763 amovit.
905 2712 1012 2764 Versus
1024 2712 1078 2766 Or.

111 2779 175 2828 Her.
193 2780 226 2828 V.
249 2780 306 2829 too.
341 2779 429 2832 Ardet
447 2795 538 2832 umore
557 2780 608 2843 tui,
626 2781 666 2831 sic
685 2788 714 2829 et
730 2779 877 2831 Menelaon
894 2779 1013 2830 amovit

108 2847 150 2898 21.
170 2844 251 2896 Ovid.
274 2847 340 2898 Her.
363 2849 397 2897 V.
417 2849 474 2901 125.
544 2848 647 2901 didit
670 2846 751 2899 Ovid.
773 2848 840 2902 Her.
858 2846 892 2898 V.
910 2848 973 2898 104:
1000 2847 1078 2899 lassa

108 2912 245 2977 pudicitia
262 2917 313 2977 ost,
331 2914 357 2964 d.
377 2915 396 2967 i.
409 2914 494 2966 semel
506 2915 644 2980 posuimus
656 2930 705 2978 pro
718 2915 806 2965 nostri
819 2919 914 2966 semet.
965 2916 1009 2969 et.
1023 2913 1075 2965 Or.

108 2980 174 3036 Her.
192 2981 226 3043 V,
244 2981 287 3032 98.
355 2984 397 3033 30.
416 2981 549 3033 alluditur
566 2981 669 3032 Avieni
686 2982 708 3043 1,
729 2983 775 3032 16:

276 3048 453 3099 Foemineam
471 3049 597 3117 quisquis
615 3049 731 3100 credidit
749 3064 810 3100 esse
826 3047 913 3100 fidem.

106 3112 211 3164 Alenus
228 3115 352 3179 parabol.
366 3117 406 3168 16.
426 3131 498 3178 „non
517 3120 560 3167 est
572 3117 601 3166 in
616 3115 729 3166 muliero
741 3115 826 3167 iidcs“
839 3120 868 3166 et
879 3115 1076 3181 epudPetron:

275 3182 400 3249 Namque
418 3188 460 3233 est
476 3183 609 3234 foeminea
626 3184 713 3234 tutior
730 3183 805 3234 uude
823 3183 884 3233 lide.

106 3250 149 3302 31.
168 3248 351 3302 conferendus
363 3250 534 3316 Epitomntor
552 3265 578 3302 r.
591 3253 642 3302 820
653 3265 713 3316 sqq.
733 3252 780 3316 qui
797 3250 896 3302 iisdem
914 3250 974 3301 iero
991 3264 1078 3300 vocu-

107 3314 181 3366 bulis
204 3331 272 3368 usus
295 3322 347 3369 ost.
416 3319 457 3368 ct.
477 3316 527 3368 Ov.
546 3318 613 3367 Her.
632 3318 689 3376 XV,
711 3321 759 3369 106
782 3321 812 3367 nt
828 3317 917 3368 nolles
935 3318 1079 3366 immemor

107 3397 170 3435 esse
188 3385 251 3436 moin
305 3387 347 3437 86.
367 3381 493 3450 conjugis
511 3385 618 3449 antiqui
636 3385 712 3450 Virg.
732 3387 800 3435 Aen.
813 3384 861 3446 IV,
879 3385 937 3436 458.
956 3384 1079 3450 Epitom.
