2378 3810
413 183 475 234 uin.
494 183 547 238 111.
583 199 609 235 v.
630 186 774 235 rao-ma.
1036 183 1077 248 75

110 335 233 394 Postera
254 331 304 393 iux
325 334 430 395 tacitas
453 343 485 394 ut
507 336 636 411 primum
660 333 774 414 depulit
796 331 925 404 umbras,
980 326 986 341 ‘

153 416 309 495 Depeiiunt
332 435 449 478 omnem
473 417 577 478 bellica
600 421 684 496 signa
706 437 831 480 moram.

109 502 184 562 Tota
207 518 298 580 super
320 510 415 562 castra
439 501 547 579 clangit
569 519 622 562 rex
637 503 782 564 Graecus:
796 507 860 572 *„iu
877 506 998 565 arma“i
1027 513 1076 562 135

152 583 279 645 Ensibus
301 584 470 662 Argolicum
494 589 625 663 cingitur
648 604 735 646 omne
758 604 862 664 genus.

108 671 278 747 Erumpunt
300 686 412 738 omues,
436 679 468 728 ut
490 678 558 730 eant
579 672 612 730 in
635 670 758 748 proelia,
781 671 893 738 Troes;

152 753 226 813 Cum
248 769 322 813 caue
345 749 476 814 custodit
496 771 600 813 servus
622 763 652 814 et
673 772 725 814 ava
748 753 835 815 lares.

109 835 386 915 Respicies.hostcs
408 838 492 916 quasi
515 847 615 897 torvos
638 847 716 898 stare
739 838 841 900 leones

152 921 196 997 Et
210 916 295 999 quasi
319 920 445 981 distorto
468 919 580 981 iumine
601 921 682 982 ferre
705 922 808 982 minas.
1025 930 1076 981 140

110 1003 291 1081 clangebant
312 1002 406 1077 lituis,
432 1003 518 1065 tellus
540 1007 614 1066 irata
638 1004 792 1084 reciangit,

152 1088 267 1166 Unguia
289 1091 474 1167 suppositum
497 1091 585 1148 vertit
608 1090 715 1167 equina
737 1088 842 1149 solum.

109 1174 233 1250 Agmina
256 1182 448 1241 concurrunt,
471 1171 585 1233 clamor
607 1173 781 1234 conscendit
803 1173 839 1234 ad
863 1180 941 1234 astra

152 1259 229 1316 Aere
252 1272 406 1326 concusso,
429 1265 540 1332 strage,
562 1256 692 1334 fragore,
715 1275 799 1317 sono.

109 1339 251 1401 Telorum
273 1337 398 1423 uolitant
420 1343 536 1402 cunctis
558 1359 575 1400 e
598 1340 734 1418 partibus
755 1339 876 1409 imbres,
978 1364 980 1367 ’
1027 1351 1075 1400 115

152 1425 253 1485 Contis
276 1434 306 1484 et
327 1423 433 1502 gladiis
458 1442 517 1484 non
541 1424 630 1485 datur
652 1423 709 1485 uita
732 1426 827 1504 quies.

110 1508 185 1579 Quot
207 1507 294 1577 maia,
318 1516 390 1586 quot
412 1508 527 1577 caeduo,
551 1508 706 1578 fracturas,
725 1509 860 1584 uuinera,
885 1519 997 1570 mortes

151 1591 229 1653 Mars
250 1590 293 1652 ibi
316 1593 459 1661 conficiat
483 1593 549 1671 quis
572 1610 731 1654 numerare
752 1595 858 1673 queat?

114 1677 236 1737 Festum
257 1677 389 1737 festucae
413 1675 498 1744 iacio,
522 1678 548 1737 si
569 1675 648 1737 miile
670 1679 768 1738 ruisse

155 1761 273 1828 Dixere,
297 1762 321 1819 si
345 1758 437 1820 muita
461 1759 551 1820 miilia
574 1760 664 1821 verba
687 1761 759 1821 iero.
1026 1769 1077 1822 ,150

111 1843 256 1923 Quicquid
278 1846 309 1904 in
332 1843 405 1904 orbe
427 1844 502 1922 iegis
525 1842 597 1904 beili
618 1845 763 1922 vertigine
786 1842 905 1911 iactum,

152 1927 247 2006 Huius
269 1927 306 1988 ad
327 1929 468 1988 intuitum
491 1929 580 1989 crede
602 1929 692 1990 tuisse
716 1946 831 2010 parum.
883 1991 885 1997 ,

110 2013 242 2090 Corpora
264 2018 353 2072 strata
375 2011 476 2091 jacent
497 2013 527 2072 in
551 2014 704 2089 sanguine,
728 2015 849 2090 sanguis
872 2010 1013 2077 abundat,

153 2095 311 2173 Sanguinis
332 2098 364 2157 in
386 2097 451 2156 rivo
474 2097 607 2156 membra
630 2106 746 2157 resecta
769 2105 872 2162 natant

111 2180 271 2255 Sanguinis
293 2180 324 2239 iu
346 2180 435 2240 fluvio
458 2187 635 2258 merguntur
656 2198 782 2260 corpora
804 2179 905 2246 muita,
1025 2187 1075 2237 155

152 2264 267 2324 Mortua
291 2279 367 2340 quae
389 2282 449 2324 non
472 2272 551 2332 sunt,
574 2265 626 2326 sed
650 2267 802 2333 moritura,
826 2265 945 2330 cadunt,

110 2347 174 2407 Nox
198 2364 327 2426 pugnam
350 2347 473 2416 dirimit,
496 2348 549 2409 sed
573 2358 637 2409 eam
660 2349 709 2409 lux
733 2358 796 2409 orta
820 2348 946 2420 reducit,

152 2431 216 2492 Nox
238 2432 345 2492 iterum
369 2433 491 2500 dirimit,
515 2431 581 2493 luce
603 2440 724 2512 patente
746 2432 839 2498 redit:

110 2515 210 2575 Tertia
233 2531 291 2574 nor
314 2514 433 2584 dirimit,
457 2516 510 2576 sed
533 2518 604 2577 item
626 2515 675 2577 lux
699 2522 763 2576 orta
785 2515 911 2583 reducit,

152 2597 263 2668 Quarta
285 2616 344 2659 nox
366 2599 481 2660 dirimit
504 2600 568 2661 luce
591 2607 711 2678 patente
733 2599 822 2660 redit.
1027 2607 1077 2656 too

110 2683 159 2743 Sic
182 2683 293 2761 quinto,
318 2685 361 2743 sic
383 2692 413 2744 et
433 2690 526 2753 sexto,
551 2686 595 2746 sio
616 2685 750 2763 septimo,
775 2685 875 2762 sicque

152 2766 271 2837 Octavo,
294 2784 374 2828 nono
396 2768 439 2828 sio
461 2770 550 2830 etiam
574 2768 698 2837 decimo.

109 2850 204 2910 immo
226 2850 272 2912 his
295 2851 411 2912 decimo
433 2860 539 2930 quater
561 2855 641 2914 inter
663 2850 856 2930 multiplicato

152 2935 288 2995 Primum
310 2936 435 2996 cessavit
457 2936 546 2996 edera
571 2953 669 3015 pugna
693 2935 751 2995 die.

110 3018 266 3097 Octoginta
289 3019 409 3096 quidem
432 3021 550 3082 durarit
572 3021 765 3081 continuatim

153 3101 219 3163 Nou
241 3103 405 3164 intercessu
428 3111 562 3184 tempore
584 3122 683 3183 pugne
707 3103 780 3165 dies.

181 3304 238 3354 133.
258 3304 407 3370 Epitomat.
425 3319 452 3355 v.
472 3305 529 3354 156.
595 3306 651 3358 139.
670 3304 826 3369 respiciens.
889 3303 945 3352 141.
965 3301 1075 3364 Margoa

108 3384 203 3436 pugno
220 3370 259 3435 vij
273 3372 354 3421 Lxxx
370 3369 458 3452 dier..
493 3373 550 3422 149.
562 3370 672 3435 Margo:
691 3370 809 3436 parvula
820 3369 891 3431 dico,
911 3369 929 3418 i.
942 3382 967 3448 e..
980 3382 1077 3432 parva,

109 3438 220 3489 festuca
238 3441 281 3490 est
299 3453 344 3489 ree
361 3436 516 3489 levissima.
588 3439 644 3489 tot.
663 3442 753 3489 natat.
823 3439 880 3488 loo.
899 3439 990 3485 tertio.
