2378 3810
390 143 453 194 Lib.
470 142 519 194 IV.
543 159 568 197 v.
588 145 733 194 ota-602.

125 295 213 358 Solus
237 294 365 356 horribili
387 294 539 376 squalidus
561 315 614 356 ore
636 295 764 356 Charon.

82 379 153 458 Ajax
176 380 274 442 nudus
297 388 378 448 erat;
402 386 529 459 quaele
552 399 638 440 mens
662 381 773 459 optimc
795 380 893 441 miles
946 453 952 464 ι
1051 436 1053 439 ,

124 463 303 526 illoricatum
328 482 411 525 saera
435 462 491 524 sub
515 482 597 525 arma
620 465 704 523 tulit?
997 472 1049 523 580
1116 464 1125 488 ³

84 550 126 610 'le
150 550 321 610 meminisse
345 547 446 615 velim;
469 547 561 609 telum
585 547 709 608 mortale
732 549 865 608 cucurrit

125 633 204 695 Colla
227 652 284 713 per
305 633 417 694 incauti
439 631 516 712 quod
539 631 710 696 Palamedis,
727 631 802 692 heri.
831 642 834 648 ·

81 715 166 778 Felix
189 735 276 797 quem
298 716 413 777 iaciunt
436 715 532 776 aliena
556 715 688 795 pericula
712 724 830 776 cautum

126 801 162 861 Et
185 803 233 861 cui
257 800 306 861 dat
328 800 454 862 nitidum
477 798 575 861 littera
598 801 683 878 nigra
706 797 825 861 librum.

84 885 145 945 Nos
168 884 262 945 aliena
284 884 401 953 docent,
425 882 496 944 felix
521 886 692 965 quicunque
715 882 817 945 dolore
999 894 1048 943 585

126 968 253 1030 Alterius
276 967 381 1029 didicit
402 986 491 1047 posse
515 986 618 1029 cavere
641 985 736 1028 suum.
800 984 806 989 ·

81 1053 154 1132 Ajax
176 1052 335 1113 horrendis
358 1059 492 1114 versatur
514 1053 637 1113 inermis
659 1054 690 1111 in
713 1052 818 1120 armis:

126 1138 162 1198 Et
185 1136 259 1196 todu
280 1135 359 1196 illius
380 1135 438 1196 lata
462 1138 556 1213 sagita
578 1134 665 1216 latus,

85 1219 207 1282 Scilicet
229 1239 245 1280 a
266 1220 385 1290 Paride,
410 1222 462 1300 qui
484 1227 569 1281 tenso
591 1221 725 1298 gnaviter
748 1238 819 1280 arcu

128 1306 160 1365 ln
185 1304 312 1365 Graecas
335 1305 448 1364 animas
471 1303 583 1383 spicula
605 1303 692 1384 plura
716 1303 812 1364 dabat.
998 1315 1049 1365 580

82 1388 153 1468 Ajax
176 1391 276 1453 iratus.
305 1387 435 1450 Calcaria
460 1389 510 1448 dat
531 1385 691 1457 delenire,

127 1473 183 1542 Qui
206 1481 325 1534 sectans
347 1472 484 1535 Paridem
508 1474 606 1534 caedit
627 1473 664 1532 ad
687 1490 781 1550 usque
805 1489 919 1535 necem.

84 1557 179 1619 Caede
203 1558 343 1635 fatigatur
365 1557 461 1627 miles,
485 1575 553 1617 cum
577 1564 672 1618 castra
695 1559 826 1636 petisset,

125 1640 273 1702 Ellelum
296 1640 382 1701 lateri
405 1640 621 1712 detraheretur,
646 1640 717 1701 obit.

85 1726 200 1804 Corpus
222 1724 382 1786 Alexandri
402 1731 523 1803 portant
545 1727 576 1784 in
602 1727 720 1785 moenia
742 1724 860 1794 Teucri,
998 1735 1048 1784 595

125 1808 222 1887 Ejulat
244 1807 317 1868 urbs
339 1815 401 1869 tota
423 1809 529 1868 funere
552 1809 754 1869 moestariri.

82 1894 150 1953 illox
173 1895 235 1953 ruit
255 1894 286 1952 in
310 1891 454 1971 Phrygios
474 1892 645 1962 Diomedes,
670 1909 743 1971 quos
765 1890 890 1970 fugitivo

127 1978 166 2037 Se
189 1976 261 2038 lacit
283 1979 314 2037 in
338 1983 454 2053 portam
477 1977 675 2057 praecipitare
696 1976 784 2056 pede,

84 2062 223 2122 Protinus
247 2063 414 2139 insequitur
435 2062 639 2138 Agamemnon
662 2070 691 2121 et
713 2061 831 2123 obsidet
852 2060 957 2122 urhem

127 2144 267 2205 Ponenda
291 2144 396 2223 vigiles
419 2152 448 2205 et
471 2144 612 2206 variando
634 2147 723 2208 vices.
819 2159 821 2162 ⁴
1000 2155 1052 2206 600

82 2229 141 2290 Per
164 2237 254 2290 totam
278 2238 397 2290 noctem
420 2228 607 2291 circumdant
627 2228 701 2290 llion
724 2230 804 2307 Argi,

127 2313 204 2373 Muri
226 2331 286 2373 non
309 2332 387 2375 unus
410 2313 516 2374 clamat
539 2312 577 2373 ab
600 2330 669 2374 arce
692 2313 771 2391 vigil,

20 2600 23 2605 ,
153 2549 211 2598 578.
250 2562 264 2596 e
291 2545 416 2610 margine
445 2559 493 2608 pro
520 2543 672 2608 spualidus.
690 2570 721 2580 -
740 2544 839 2612 Margo
863 2545 936 2599 chor.
963 2553 1053 2599 nanto

84 2620 257 2664 mortuorum.
344 2614 403 2662 583.
424 2612 517 2679 Pleut.
533 2613 617 2662 Merc.
636 2612 684 2674 IV,
702 2615 727 2670 4,
746 2615 787 2664 40.
816 2613 948 2665 Feliciter
966 2617 1049 2680 sapit,

85 2683 132 2744 qui
151 2680 240 2730 alieno
260 2678 383 2744 periculo
403 2679 484 2743 sapit.
512 2680 572 2731 Ter.
592 2678 693 2730 Hecnt.
716 2681 742 2742 1,
754 2681 785 2744 h,
805 2683 850 2732 35:
878 2681 930 2733 hoc
949 2682 1049 2733 scitum

84 2753 133 2809 est,
153 2746 304 2810 periculum
322 2762 356 2796 ex
374 2745 436 2795 aliis
456 2747 548 2796 facere
567 2746 620 2797 tibi
638 2746 710 2811 qnod
729 2762 763 2797 ex
781 2762 832 2798 usu
851 2749 914 2802 siet.

119 2831 221 2881 Noster
248 2832 282 2881 ex
307 2829 351 2880 his
374 2829 444 2880 locis
467 2830 587 2881 fortasse
606 2831 770 2882 sententiam
794 2831 955 2898 depromsit,
982 2846 1053 2896 quoe

184 2898 321 2963 proverbii
339 2897 401 2949 loco
419 2897 448 2946 in
467 2913 513 2948 ore
531 2911 604 2948 nunc
623 2903 675 2948 est.

84 2982 143 3034 585.
161 2984 184 3037 6,
203 2980 305 3033 Tibull.
324 2982 375 3044 111,
392 2983 417 3047 6,
436 2983 479 3033 45.
497 2983 531 3032 44

438 3076 471 3084 -
490 3075 523 3085 —-
542 3049 700 3115 quicunque
719 3049 813 3100 dolore

185 3117 307 3167 Alterius
326 3117 417 3167 disces
436 3129 517 3179 posse
536 3131 630 3166 carere
649 3123 706 3169 tuo.
765 3168 773 3182 ,

82 3201 115 3250 ln
134 3200 185 3250 hoc
197 3201 304 3252 Tibulli
323 3201 384 3251 loco
402 3200 528 3251 nonnulli
547 3199 623 3250 codd.
642 3202 736 3264 etiam,
754 3207 787 3252 ut
804 3206 900 3252 noster
911 3201 1050 3264 ailbertus,

84 3281 181 3317 cavere
200 3266 305 3333 legunt.
374 3269 431 3322 591,
451 3267 518 3318 (iud.
537 3269 669 3320 carcaria.
724 3271 782 3320 598.
801 3268 868 3319 Ood.
887 3267 913 3322 S.
933 3268 953 3318 f.
971 3283 1051 3332 prae-

81 3335 198 3398 cipitare
216 3336 287 3400 pede
306 3337 335 3386 in
353 3341 469 3400 portam.
576 3363 579 3366 ·
