2378 3810
156 171 199 235 94
368 223 371 228 ,
463 168 525 226 nau.
543 171 595 226 111.
629 171 818 243 aenum.

156 327 180 388 E
202 325 280 387 bello
304 327 421 388 tandem
447 325 600 405 Sarpedon
623 324 741 384 saueius
764 323 834 393 exit,

199 412 232 472 ln
255 411 307 472 tali
329 410 396 472 talis
418 410 540 471 flumine
562 410 652 490 piscis
674 410 740 468 erit.

156 496 258 574 Pugna
281 495 345 556 dies
367 502 466 556 manet
488 495 516 554 in
541 494 664 573 aliquos,
687 508 756 570 pars
779 499 905 572 utraque
927 493 1034 572 perdit,
1084 498 1086 503 '

199 585 221 642 Α
243 580 353 640 Priami
376 579 478 660 plures
500 586 585 658 parte
607 578 722 657 perisse
744 584 841 656 putes.
1072 589 1125 639 680

341 759 416 814 Pax
434 758 558 813 aaron
575 759 647 812 rna
664 756 797 812 runnu
813 756 930 813 uarum.
953 734 958 739 ’

156 884 261 945 Pacem
285 881 374 961 Troja
398 886 481 961 petit,
506 881 592 942 datur
615 899 701 948 anno,
726 898 852 958 corpora
876 890 1024 957 quaerunt

198 969 275 1029 Sana
298 966 399 1036 larem,
424 967 541 1028 laticem
565 968 675 1032 saucia,
700 983 783 1025 caesa
808 965 954 1027 scrobem.

155 1055 256 1114 Firma
278 1051 352 1113 tides
375 1054 524 1131 utrimque
547 1057 655 1118 manet.
680 1068 733 1128 per
757 1056 853 1110 eastra
877 1057 998 1128 vagatur

197 1137 328 1198 Graecus
351 1137 508 1205 Dardania,
531 1136 686 1196 Dardanus
708 1135 852 1211 Argolica.

154 1223 248 1282 Troes
270 1240 335 1281 eum
359 1222 475 1291 Danais,
499 1221 591 1281 Danai
614 1237 682 1280 eum
705 1217 834 1279 Troibus
857 1217 950 1289 ibant,
1070 1229 1121 1279 685

198 1307 298 1382 Argivi
320 1304 449 1365 subeunt
470 1306 597 1370 moenia.
622 1312 717 1364 eastra
741 1303 880 1381 Phryges.

90 1386 94 1391 ’
153 1391 417 1466 Mutuapermixti
439 1388 592 1449 celebrant
611 1387 754 1456 ,curavivia
779 1387 865 1456 ludis,

197 1473 325 1542 Visibus,
349 1471 486 1552 alloquiis
508 1472 682 1549 deliciisque
705 1480 819 1531 vacant.

152 1558 320 1635 Assumplis
343 1560 433 1617 sociis
454 1561 539 1618 iussu
561 1556 726 1616 Palamedis
748 1555 865 1616 Atrides

196 1642 230 1702 ln
251 1642 373 1721 Mysiam
395 1645 511 1712 transit,
536 1641 623 1702 dueat
645 1649 678 1701 ut
701 1640 768 1700 inde
791 1639 883 1701 eibos.
1069 1651 1121 1700 690

152 1727 194 1787 lle
217 1726 381 1787 Palamedis
402 1727 445 1788 ibi
467 1730 499 1788 lit
520 1726 666 1786 seditione
689 1724 819 1805 querela,

193 1811 315 1871 Atrides
337 1814 435 1891 primo
458 1811 548 1872 verba
571 1811 682 1870 levarat
704 1827 748 1869 ea.

152 1898 190 1954 Se
213 1898 286 1955 socii
309 1894 437 1957 doluisse
459 1900 575 1963 lerunt;
600 1895 721 1954 mutatio
744 1895 840 1970 regni,
1010 1962 1016 1971 ¹

194 1979 287 2049 Quam
310 1979 410 2047 voluit,
434 1977 545 2060 populo
569 1979 724 2057 commoda
746 1996 839 2055 pauea
862 1977 939 2038 tulit.

152 2062 194 2122 Te
218 2065 315 2138 potius
338 2082 439 2141 regem
463 2063 605 2124 vellemus
629 2081 717 2142 quam
739 2062 937 2132 Palamedem,
1066 2071 1116 2121 695

193 2147 251 2206 Pro
274 2166 306 2206 se
329 2147 456 2208 suadere
480 2159 601 2208 noverat
623 2147 672 2207 ille
696 2146 782 2207 bene.

151 2229 228 2310 Non,
250 2235 349 2309 inquit
370 2234 458 2293 sociis
480 2234 681 2309 Agamemnon
704 2231 739 2291 ad
763 2234 826 2304 ista,
851 2228 1007 2301 molestor;

193 2314 257 2375 Non
281 2313 356 2377 mihi
379 2318 525 2397 surrepsit
545 2314 625 2377 ullus
647 2316 685 2376 ab
706 2314 776 2376 inde
799 2313 898 2384 dolor;

151 2398 208 2460 Sed
233 2408 365 2462 nostrum
389 2418 565 2480 peragamus
588 2418 671 2477 opus,
695 2400 855 2460 reddamus
879 2406 1000 2460 onustas
1031 2468 1036 2477 ¹

192 2487 313 2545 Annona
337 2505 434 2554 naves,
459 2494 488 2546 et
510 2493 678 2562 repetamus
701 2486 768 2545 iter.
1066 2494 1117 2543 700

150 2567 269 2628 Interea
293 2569 437 2649 Phrygios
458 2571 595 2631 observat
617 2571 715 2629 cautio
738 2586 849 2636 muros,

191 2652 375 2730 Praecipitur
397 2655 500 2715 firmus
523 2656 635 2714 tirmior
659 2671 724 2713 esse
747 2655 838 2712 loeus.

149 2735 186 2795 El
208 2735 278 2813 vigil
300 2738 451 2814 Argolicas
474 2748 572 2799 servat
595 2739 728 2807 custodia
752 2737 855 2804 iussas,

191 2819 332 2882 Dillieiles
355 2822 462 2884 habeat
484 2824 578 2883 hostis
600 2830 634 2881 ut
655 2823 725 2882 inde
749 2825 819 2882 vias.

215 3059 273 3110 681.
291 3057 404 3124 Margo:
425 3058 481 3108 Pax
499 3059 560 3120 vlr,
578 3058 660 3108 unius
678 3056 753 3111 anni.
814 3058 873 3107 682.
893 3058 1016 3108 scrobem
1034 3057 1115 3108 seho-

146 3123 204 3174 lion
235 3127 368 3189 marginis
395 3127 608 3190 interpretetur:
636 3126 749 3177 fossam.
836 3125 895 3181 690.
923 3125 1040 3190 Mysiam
1063 3141 1114 3192 pro

146 3187 290 3250 Moesiam.
360 3195 418 3249 699,
437 3209 454 3243 a
474 3194 596 3258 margine
615 3208 664 3258 pro
683 3197 803 3244 onestas.
