2378 3810
148 171 191 235 32
453 171 517 224 nro.
535 171 587 224 111.
622 185 648 223 v.
667 172 811 223 aaa-aea.

151 325 212 386 Pax
234 342 289 401 per
311 341 363 384 sex
385 340 503 384 menses
526 322 676 384 stabilitur
698 330 728 383 et
751 340 838 384 omne
860 332 1028 402 peremtum

195 407 355 488 Talparum
377 408 487 488 recipit
510 410 541 467 in
564 409 686 484 regione
710 407 824 468 thorus.
1071 419 1127 468 340

347 587 395 641 DE
413 587 538 642 PUGNA
555 586 748 642 DUODEOIM
765 587 917 644 DIERUM.

154 712 287 790 Septima
310 708 472 787 surgebant
495 711 619 770 orientis
642 728 754 770 cornua
777 711 888 783 Lunae,

195 797 328 872 Surgere
352 797 493 856 continuo
516 793 620 854 bellica
644 797 727 872 signa
752 795 829 856 vide.

152 882 315 958 Pugnatur.
360 878 453 938 Durat
475 877 621 939 duodenis
643 897 742 958 pugna
766 879 872 941 diebus

196 965 346 1040 Sanguine
368 980 523 1023 caesorum
546 961 604 1022 lata
627 963 762 1024 rubescit
783 964 900 1025 humus.
1070 1019 1074 1027 .

152 1049 228 1122 Quid
250 1048 332 1127 juvat
354 1047 473 1108 assidue
495 1045 600 1118 clavas,
625 1049 696 1126 quid
721 1046 787 1115 tela,
811 1047 884 1128 quid
908 1066 1003 1119 enses,
1070 1057 1124 1106 345

196 1133 272 1205 Quid
296 1138 416 1200 mortes,
440 1133 544 1192 mortis
567 1133 638 1212 quid
662 1150 820 1194 numerare
843 1133 963 1194 modos?

152 1221 210 1279 Aut
233 1218 340 1276 seriem
364 1216 479 1276 scindet
501 1215 587 1276 stilus
610 1227 659 1276 aut
681 1216 799 1276 fastidia
822 1219 934 1294 gignet,
985 1216 988 1221 ⁴

197 1303 226 1362 Si
250 1302 332 1360 necis
355 1296 443 1359 om'ne
465 1317 560 1376 genus
584 1318 761 1362 enrrmerare
783 1299 872 1361 volet.

151 1386 194 1447 Ad
220 1385 370 1444 Priamum
394 1386 486 1444 mittit
509 1386 710 1462 Agamemnon
736 1402 862 1462 eumque
884 1391 1024 1464 precatur

196 1469 234 1530 Ut
256 1486 310 1547 per
331 1467 471 1528 terdenos
494 1468 614 1529 obseret
637 1487 718 1529 arma
741 1470 815 1530 dies
1068 1476 1123 1525 350

154 1553 299 1615 Concedit
321 1553 464 1620 Priamus
488 1553 666 1615 clauduntur
689 1551 774 1614 busta
797 1552 950 1632 sepulcris,

197 1637 296 1698 Turba
321 1634 503 1697 salutiferam
526 1638 624 1698 saucia
647 1641 764 1717 quaerit
787 1656 882 1718 opem.
930 1710 933 1715 .

154 1722 219 1783 Non
244 1730 289 1782 est
311 1723 341 1780 in
366 1721 463 1780 medio
486 1738 613 1800 semper,
638 1721 785 1782 relevetur
809 1730 840 1782 ut
862 1738 965 1800 aeger;

196 1806 227 1866 ln
252 1823 321 1866 cura
346 1805 472 1883 quadam
496 1806 617 1866 vulnera
641 1815 736 1867 morte
759 1805 860 1884 ligant.

198 1986 247 2039 DE
266 1984 406 2040 SOMNIO
425 1985 709 2042 ANDROMACHAE
726 1986 862 2040 UXORIS
879 1984 1069 2042 HECTORIS.

153 2109 235 2169 Luna
258 2108 349 2168 semel
371 2107 467 2178 latuit,
492 2116 553 2168 toto
575 2108 667 2169 semel
691 2108 763 2169 orbe
786 2110 922 2180 recrevit,
1069 2116 1122 2166 355

195 2193 255 2254 Pax
278 2190 339 2252 abit
362 2199 392 2251 et
413 2192 541 2272 populus
564 2212 667 2254 rursus
689 2195 719 2253 in
742 2212 823 2254 arma
846 2195 914 2254 ruit.

153 2276 348 2359 Pugnandum
372 2276 408 2336 de
431 2295 519 2339 mane
540 2278 603 2346 luit,
628 2296 695 2337 cum
718 2286 806 2338 nocte
828 2277 883 2338 sub
906 2280 971 2356 ipsa

198 2361 334 2422 Hectoris
357 2360 564 2424 Andromache
587 2363 701 2422 somnia
725 2360 798 2422 dura
821 2362 908 2422 videt.

153 2446 210 2515 lle,
233 2464 373 2508 moerens
397 2449 437 2508 ait
458 2445 508 2505 illa
531 2449 603 2515 viro,
625 2445 686 2524 jam
710 2452 845 2526 tempore
866 2463 976 2526 pausae

195 2531 317 2590 Terruit
338 2534 368 2590 in
391 2532 502 2590 somnis
525 2533 599 2590 visio
623 2529 707 2590 valde
730 2533 836 2608 gravis.
1070 2537 1121 2586 360

80 2666 84 2671 .
154 2615 198 2675 Ad
222 2615 285 2673 iera
307 2613 383 2672 bella
407 2630 513 2691 precor
537 2613 625 2675 bodie
648 2614 830 2676 descendere
853 2615 923 2684 noli,

196 2698 240 2758 Sit
263 2695 317 2757 tibi
340 2714 410 2756 cura
434 2699 502 2766 mei,
526 2699 564 2758 sit
587 2698 640 2758 tibi
662 2717 733 2760 cura
754 2701 809 2760 tui.

155 2832 358 2843 ---—-——-

221 2919 280 2969 339.
299 2918 411 2979 litargo:
438 2916 498 2965 Pax
525 2918 610 2967 tertia
634 2931 683 2966 sex
706 2917 849 2968 mensium.
931 2917 990 2967 342.
1009 2916 1121 2981 Margo:

152 2987 250 3049 Pugna
268 2983 321 3046 IX,
340 2983 395 3034 XII
413 2983 519 3033 diebus.
600 2986 659 3034 347.
678 2983 743 3034 (lod.
763 2984 845 3035 stilus
864 2983 979 3034 scindet.
1061 2986 1121 3034 350.

153 3056 262 3118 Margo:
291 3053 349 3102 Pax
377 3055 475 3114 quarta
497 3052 612 3117 triginta
636 3052 749 3105 dierum.
818 3053 877 3103 353.
900 3052 1009 3116 Margo:
1037 3065 1122 3115 qnare

154 3120 216 3170 dum
243 3120 389 3171 adhibetur
416 3122 457 3169 eis
482 3133 548 3169 cura
570 3135 620 3184 per
641 3120 805 3171 medicinam
828 3136 883 3170 non
902 3119 979 3170 evad.
1000 3124 1124 3172 mortem.

150 3187 202 3238 Ov.
222 3203 245 3237 5.
265 3188 343 3237 Pont.
362 3189 385 3249 1,
402 3188 427 3245 3,
447 3188 487 3236 17.
507 3189 539 3237 18

253 3256 314 3304 Non
334 3260 376 3304 est
394 3254 423 3304 in
441 3254 529 3304 medio
548 3269 663 3320 semper,
683 3255 824 3306 relevetur
841 3260 872 3304 ut
889 3269 984 3319 aeger.

287 3322 427 3373 Interdum
447 3323 529 3372 docta
546 3321 607 3387 plus
625 3323 701 3391 valet
720 3328 780 3373 arte
799 3323 910 3373 malum.

152 3392 212 3441 355.
232 3391 312 3442 Ovid.
332 3391 397 3439 Her.
416 3391 453 3450 11,
472 3391 488 3439 5

256 3459 341 3508 Luna
362 3461 463 3522 quater
480 3456 576 3521 latuit3
595 3462 654 3508 toto
674 3463 773 3524 quater
791 3458 857 3509 orbe
876 3455 1001 3509 recrevit.
